3258 5168
651 481 871 548 443’

294 661 408 726 Restat
435 667 469 725 ut
493 659 534 725 id
561 659 795 726 mendorum
826 679 958 743 genus
989 665 1222 724 tractemus
1246 679 1319 742 quo

204 767 478 850 inquinantur
517 767 750 851 scriptores
788 765 984 830 versibus
1023 764 1319 849 interpolatis.

205 879 302 956 atque
326 894 396 938 cum
412 871 672 955 Eschenburgius
698 871 857 937 observat.
874 869 940 935 crit.
964 870 998 945 in
1014 870 1158 955 Propert.
1174 891 1230 955 pp.
1251 875 1318 934 1-

207 984 247 1045 26
271 981 386 1045 merito
411 979 542 1045 eiecerit
557 979 595 1063 V,
622 985 635 1042 1
663 1000 713 1043 vv.
731 981 887 1062 33-36,
909 997 967 1044 nos
988 976 1021 1042 in
1043 976 1157 1043 eodem
1178 976 1319 1042 carmine

205 1108 256 1152 vv.
274 1090 314 1151 65
333 1107 394 1168 sq:

407 1197 582 1256 scandentes
597 1196 623 1254 si
639 1196 702 1270 qais
717 1199 817 1254 cernet
832 1196 869 1255 de
884 1193 1008 1254 collibus
1023 1209 1116 1272 arces,

506 1303 622 1377 incente
638 1317 736 1361 muros
752 1303 882 1360 aestimet
896 1302 944 1360 ille
959 1317 1021 1360 meo

206 1405 300 1470 obelo
316 1404 506 1470 notabimus.
545 1410 642 1483 atque
657 1402 716 1468 hos
732 1402 862 1468 insanos
875 1422 948 1468 esse
964 1401 1163 1485 intellegitur·
1179 1401 1319 1466 maxime

206 1510 401 1597 comparatis
418 1531 469 1575 vv.
489 1512 548 1573 125
567 1529 629 1591 sq.:

399 1622 624 1695 scandentisque
638 1620 715 1679 Arist
730 1621 879 1694 consumit
894 1621 1001 1678 vertice
1015 1635 1124 1696 meres,

490 1726 644 1802 anneceb
660 1727 775 1800 inperce
790 1727 886 1785 notior
900 1727 949 1785 ille
964 1733 1028 1802 tn03
1095 1802 1099 1809 ¹

207 1830 356 1912 equibus
380 1828 421 1894 de
445 1827 559 1894 eadem
575 1827 731 1892 Umbriae
755 1827 888 1909 regione
913 1826 1005 1891 dictis
1026 1826 1126 1892 nostri
1150 1825 1320 1890 manifesto

207 1937 352 2021 expressi
369 1941 450 2000 sunt.
481 1955 557 1998 nam
573 1953 657 2016 quae
673 1932 803 1998 tandem
820 1941 869 1999 est
885 1953 995 1999 eorum
1009 1932 1191 1998 sententia?
1222 1931 1319 1996 hexa-

206 2048 307 2107 metro
323 2042 392 2107 sine
413 2040 511 2106 dubio
527 2041 584 2106 alti
608 2046 731 2105 montes
755 2039 991 2123 intelleguntur,
1015 2046 1049 2104 at
1072 2040 1184 2121 quales
1208 2044 1319 2123 penta-

206 2147 332 2214 metro?
378 2145 608 2230 Hertzbergius
632 2152 790 2211 aestimare
813 2146 945 2211 verbum
970 2146 1016 2211 ita
1039 2146 1143 2231 accipi
1166 2150 1263 2230 vetat,
1287 2151 1321 2209 ut

206 2261 307 2335 nopai
322 2260 485 2319 aestimare.
526 2258 560 2317 at
583 2273 637 2318 our
657 2250 691 2317 id
715 2258 804 2336 optat
819 2258 925 2337 poeta,
953 2258 988 2317 ut
1003 2258 1129 2318 taxetur
1146 2250 1319 2335 quomodo-

208 2380 332 2444 cunque
349 2360 455 2445 patria
471 2358 556 2426 sua?
586 2359 683 2423 immo
700 2363 735 2422 ut
750 2359 860 2442 magni
875 2358 1064 2424 aestimetur
1079 2364 1212 2443 propter
1227 2379 1319 2424 suum

207 2467 370 2551 ingenium
394 2472 503 2550 rogat3
526 2465 579 2532 cfr.
596 2486 625 2530 v.
642 2469 693 2531 63.
732 2465 822 2547 atqui
838 2463 882 2529 ad
897 2485 1033 2549 magnos
1048 2465 1130 2550 illos,
1147 2463 1320 2548 dequibus

145 2553 155 2570 ⁰
207 2575 329 2640 locotus
353 2579 402 2639 cst
424 2573 457 2637 in
472 2573 669 2655 hexametro,
693 2577 817 2637 montes
841 2572 886 2636 nil
910 2572 1025 2639 attinet
1048 2579 1165 2657 poetae
1189 2571 1319 2656 ingenio

207 2679 328 2763 augeri.
379 2680 489 2764 itaque
513 2684 651 2764 apparet
674 2676 714 2742 de
736 2678 862 2761 exiguis
887 2679 1022 2763 cogitari
1053 2680 1087 2743 in
1110 2685 1319 2764 pentametro.

207 2786 292 2868 quod
313 2785 457 2852 firmatur
476 2786 574 2852 etiam
595 2783 692 2851 simili
722 2785 882 2850 sententia
912 2783 1020 2850 Ovidii
1051 2806 1148 2851 amor.
1179 2786 1237 2869 ΙΙΙ,
1272 2790 1320 2869 15,

210 2899 245 2958 11
265 2915 352 2976 sqq:

378 3009 466 3080 atque
481 3003 587 3078 cliqnis
599 3005 737 3077 spectans
752 3001 857 3076 nospes
873 3003 1019 3062 Sulmonis
1034 3006 1138 3078 cqnose'

416 3109 530 3170 moena
546 3125 623 3184 qnae
637 3110 734 3184 carnpe'
748 3110 856 3183 inqerc
865 3125 968 3184 porco
984 3115 1088 3188 tenent,

379 3232 474 3295 ‚qnae
488 3220 618 3275 tantnm“
632 3216 708 3274 dicet
721 3217 872 3291 ,potantis
883 3217 969 3288 ferre
977 3221 1108 3294 poetam,

417 3325 674 3398 quantulacunque
689 3324 764 3392 estis,
779 3339 830 3382 vos
845 3338 900 3396 epo
914 3337 1025 3396 meane
1036 3324 1133 3395 seret

207 3444 353 3510 pugnare
376 3423 474 3507 igitur
502 3443 609 3490 secum
633 3422 855 3489 hexametrum
881 3429 913 3488 et
939 3427 1174 3509 pentametrum
1206 3423 1319 3506 negari

206 3552 268 3595 nou
285 3531 413 3616 poterit.
445 3529 531 3614 quod
546 3550 617 3595 cum
627 3530 857 3615 perspexisset,
873 3519 1083 3596 Marklandus
1092 3529 1189 3596 scribi
1204 3529 1314 3595 iussit:

465 3643 611 3716 ingenium
626 3643 716 3701 muris
732 3643 862 3702 aestimet
876 3643 925 3702 ille
939 3659 1040 3702 merem.

207 3765 284 3827 ergo
298 3764 334 3828 „e
351 3744 540 3828 murorum“‚
555 3743 658 3826 inquit
674 3749 778 3828 poeta,
794 3742 981 3826 „altitudine
998 3764 1103 3809 meum
1121 3743 1320 3825 quantulum-

207 3870 330 3932 cunque
346 3855 395 3915 est
410 3849 574 3932 ingenium
591 3850 740 3916 aestimet
754 3849 900 3934 hospes“.
931 3856 964 3914 at
980 3851 1140 3934 quipoeta
1153 3855 1319 3915 contentus

207 3977 277 4022 esse
294 3955 398 4040 potuit
413 3956 470 4020 tali
486 3954 591 4021 iudice
607 3955 662 4039 qui
678 3954 821 4020 carmina
836 3976 896 4020 sua
911 3953 1091 4020 laudaverit
1106 3975 1168 4020 non
1187 3961 1320 4040 propter

206 4063 350 4148 ipsorum
367 4063 526 4146 virtutem,
542 4061 601 4129 sed
610 4067 742 4147 propter
751 4061 817 4126 alta
825 4062 950 4146 patriae
966 4061 1118 4126 moenia?
1150 4081 1232 4145 quae
1249 4082 1319 4126 cum

206 4169 252 4234 ita
267 4170 339 4253 sint,
355 4169 420 4246 noli
436 4167 583 4234 dubitare
599 4189 712 4235 versus
728 4168 805 4234 istos
822 4169 906 4233 male
923 4189 1018 4234 sanos
1035 4169 1207 4254 expellere.

294 4275 401 4357 Atque
428 4275 630 4357 gravissimis
661 4265 901 4340 difficultatibus
935 4282 1083 4342 tenentur
1111 4275 1209 4339 etiam
1234 4275 1271 4356 V,
1301 4279 1319 4336 5

206 4403 257 4446 vv.
274 4386 412 4446 9-12:
