3226 5162
719 477 758 541 83

183 652 353 718 6611112011
372 651 500 734 quidem
518 671 559 722 eo,
572 657 717 735 tempore
733 671 795 734 quc
812 657 921 718 cetera
937 651 1009 716 libri
1027 651 1130 734 quarti
1152 651 1295 719 earmina

183 758 337 842 scriptum
351 779 423 824 esse
439 757 606 843 perspexit
620 757 882 840 Eschenhurgius
903 759 923 822 l.
943 758 962 820 l.
979 780 1031 844 pp.
1048 762 1088 823 93
1108 764 1140 822 61
1155 762 1206 822 96.
1238 757 1296 823 sed
1330 742 1334 749 ’

184 863 322 933 eundem
344 865 429 930 hanc
443 864 584 946 elegiam
606 885 670 930 non
685 864 785 928 multo
801 870 875 949 post
891 863 1048 948 Cynthiae
1065 864 1281 930 reconciliatio

183 993 257 1037 nem
274 979 482 1056 compositam
498 990 570 1036 esse
587 971 786 1053 suspicatum
802 970 1000 1054 redarguunt
1015 992 1067 1036 vv.
1081 977 1117 1035 15
1135 991 1181 1053 sq.
1198 977 1229 1035 61
1245 992 1296 1036 vv.

184 1082 226 1142 24
243 1099 289 1161 sq.
336 1099 397 1161 quo
423 1078 509 1143 enim
531 1084 627 1162 pacto
651 1077 757 1142 amica
780 1079 984 1144 reconciliata
1007 1084 1131 1143 tantum
1154 1097 1296 1144 amorem

184 1190 217 1250 et
232 1191 336 1249 torum
351 1206 456 1250 nocam
472 1192 569 1268 poeta
585 1183 692 1250 dicere
708 1184 837 1269 potuit?
862 1205 924 1267 qno
948 1193 1041 1270 pacto
1065 1205 1128 1248 uno
1151 1185 1217 1248 iam
1233 1182 1296 1248 dis-

184 1289 266 1356 cidio
283 1290 375 1374 facto,
399 1296 434 1354 ut
447 1296 549 1370 precra
565 1289 672 1356 omina
687 1289 783 1354 fidem
800 1291 1005 1375 continerent,
1027 1309 1145 1374 rogare
1168 1287 1296 1375 potuit?

184 1416 261 1479 ergo
285 1396 345 1462 hoc
369 1417 499 1462 carmen
523 1417 583 1479 ego
608 1396 737 1478 quidem
754 1398 787 1462 in
810 1397 844 1462 id
867 1404 993 1484 tempus
1017 1397 1215 1480 retraxerim,
1243 1396 1298 1461 uhi

185 1503 324 1588 Cynthia
340 1503 444 1590 prima
466 1503 693 1570 consuetudine
716 1509 878 1570 contracta
901 1512 1017 1590 poetae
1034 1511 1165 1586 primam
1186 1513 1298 1568 noctem

185 1609 251 1690 (cfr.
268 1631 297 1676 v.
316 1616 378 1692 11.)
395 1609 560 1676 concessit
590 1630 696 1694 neque
712 1631 788 1676 vero
804 1610 884 1674 illud
899 1610 973 1676 ideo
990 1611 1106 1676 librum
1122 1608 1298 1676 secundum

183 1716 314 1781 tertium
338 1722 486 1798 quartum
511 1716 624 1781 eodem
645 1724 790 1801 tempore
823 1717 957 1782 emissos
982 1720 1054 1783 esse
1078 1716 1298 1782 demonstrare

183 1828 306 1908 potest:
327 1823 425 1888 immo
443 1824 496 1888 vel
512 1828 587 1889 ante
603 1822 734 1890 secundi
751 1830 877 1908 tempus
895 1823 1070 1890 conlectum
1089 1831 1145 1890 est.
1185 1823 1297 1890 eodem

185 1937 294 1995 autem
310 1935 455 2014 tempore
473 1930 684 2014 conscriptum
702 1930 910 1996 essevidetur
922 1951 1017 1996 carm.
1027 1936 1068 1995 20
1078 1952 1140 2014 quo
1155 1931 1189 1995 ni
1205 1930 1299 1996 fallor

185 2036 357 2120 Cynthiam
381 2043 526 2102 avctore
551 2037 652 2103 amico
676 2037 710 2102 in
725 2037 868 2104 Africam
891 2037 1034 2124 profecto
1059 2036 1220 2104 desertam
1236 2036 1299 2102 sihi

185 2143 355 2208 conciliare
371 2142 681 2227 studetPropertius.
712 2165 786 2208 nam
803 2144 843 2209 de
853 2142 993 2228 Cynthia
1006 2145 1106 2210 verba
1121 2142 1190 2208 fieri
1207 2143 1300 2208 docet

186 2257 289 2314 doctas
304 2271 376 2313 coar
392 2271 420 2314 v.
439 2255 457 2316 8
482 2250 606 2316 collatis
628 2271 723 2314 carm.
739 2251 796 2334 III,
824 2255 861 2314 13
880 2272 930 2316 vv.
948 2256 1018 2316 9-
1033 2255 1080 2314 12.
1119 2256 1216 2332 atquc
1239 2249 1299 2314 hoc

185 2375 314 2420 carmen
337 2361 410 2438 post
432 2355 602 2421 discidium
619 2357 773 2441 scriptum
789 2356 844 2421 vix
868 2355 931 2422 dici
947 2361 1062 2442 potest,
1086 2356 1298 2438 quianullum

185 2460 279 2527 adest
293 2459 505 2544 redintegrati
525 2462 642 2528 amoris
667 2463 803 2546 signum.
849 2463 911 2526 tria
931 2462 1030 2546 igitur
1052 2461 1133 2528 haee
1157 2461 1299 2544 carmina

187 2574 298 2632 contra
313 2567 469 2652 temporis
494 2567 637 2633 ordinem
662 2568 695 2632 in
711 2569 792 2634 libro
809 2575 922 2651 quarto
939 2569 1095 2635 collocata
1111 2588 1182 2634 esse
1198 2568 1298 2632 mani-

186 2671 302 2738 festum
319 2680 377 2757 est,
394 2674 470 2756 quia
478 2681 575 2760 poeta
582 2674 705 2758 primas
715 2675 838 2757 elegias
849 2674 1006 2759 Cynthiae
1021 2676 1202 2760 inscriptas,
1220 2694 1299 2757 quas

157 2813 159 2816 ·
186 2779 263 2844 olim
279 2779 397 2846 librum
421 2781 562 2864 primum
587 2780 731 2848 editurus
752 2782 937 2866 retinuerat,
960 2802 1043 2846 nunc
1067 2780 1218 2846 abdicata
1234 2801 1299 2844 om-

185 2885 261 2950 nino
292 2886 398 2950 amica
429 2886 550 2951 ultimis
582 2886 624 2950 ad
655 2888 745 2952 illam
777 2887 885 2952 missis
917 2893 1027 2968 (carm.
1049 2888 1102 2972 IV,
1127 2891 1168 2950 24
1193 2890 1299 2960 6125)

186 3011 346 3075 opponere
362 2993 471 3076 voluit,
496 2992 592 3058 simul
613 2993 722 3056 omnia
746 3012 955 3074 quaecunque
980 2992 1021 3058 de
1044 2993 1102 3056 illa
1126 2993 1302 3076 scripserat

186 3097 482 3180 comprehensurus.
533 3118 576 3161 an
605 3105 639 3163 ut
670 3101 825 3183 temporis
854 3098 999 3165 ordinem
1028 3121 1092 3164 non
1114 3100 1301 3183 neglexisse

187 3204 401 3288 comprobes,
426 3210 576 3286 quattuor
596 3205 696 3270 libros
716 3226 828 3272 omnes
844 3226 909 3270 una
925 3205 1029 3273 editos
1046 3226 1118 3272 esse
1135 3203 1300 3271 conicies‘?

186 3307 219 3374 id
244 3309 330 3392 quod
360 3308 493 3374 refutari
517 3308 710 3378 firmissimis
739 3312 939 3394 argumentis
964 3311 1115 3378 vidimus.
1160 3329 1300 3393 namque

186 3416 356 3498 quominus
373 3417 414 3480 ab
431 3417 546 3482 amicis
570 3417 688 3481 librum
713 3424 861 3500 quartum
885 3425 957 3501 post
980 3417 1140 3502 Propertii
1164 3425 1300 3484 mortem

186 3521 308 3587 editum
325 3509 357 3587 et
374 3523 414 3587 ab
432 3523 480 3587 eis
505 3524 614 3588 omnia
630 3544 713 3606 quae
737 3525 772 3589 in
787 3524 915 3590 scriniis
940 3526 1009 3591 eius
1033 3525 1216 3590 invenerint
1232 3544 1300 3590 oar-

186 3629 274 3693 mina
290 3629 443 3712 evulgata
459 3649 531 3696 esse
547 3636 654 3713 spreto
671 3632 824 3715 temporis
841 3631 952 3697 ordine
969 3638 1156 3714 statuamus,
1171 3636 1301 3715 praeter

186 3735 269 3800 alias
286 3755 400 3800 causas
417 3736 470 3800 vel
485 3737 638 3820 prologus
662 3737 799 3822 impedit
815 3759 877 3820 quo
893 3737 967 3803 huic
983 3739 1065 3804 libro
1082 3738 1301 3822 prooemiatur

186 3846 290 3924 poeta.
337 3861 414 3923 ergo
437 3842 556 3907 librum
579 3849 729 3926 quartum
752 3865 816 3908 non
830 3845 930 3910 multo
953 3852 1025 3928 post
1042 3864 1070 3908 a.
1088 3847 1149 3908 732
1168 3847 1234 3922 (22)
1251 3863 1299 3910 se·

185 3946 325 4029 paratim
350 3948 503 4014 emissum
527 3969 599 4015 esse
623 3955 777 4016 tenemus.
824 3951 935 4032 itaque
968 3957 1002 4014 ut
1030 3969 1113 4033 quae
1136 3949 1300 4016 invenisse

86 4125 92 4137 Ι
186 4052 279 4120 nobis
295 4051 465 4119 videamur
481 4055 624 4122 breviter
640 4056 964 4140 comprehendamus:
986 4056 1173 4142 Propertius

232 4179 261 4223 a.
279 4163 342 4224 708
360 4164 427 4240 (46)
444 4158 512 4225 1616
528 4168 621 4226 natus
639 4167 703 4244 est;

232 4285 261 4328 a.
280 4269 343 4329 724
361 4269 428 4344 (30)
445 4272 522 4350 toga
534 4268 622 4332 virili
632 4275 760 4352 sumpta
769 4289 840 4333 cnm
849 4269 1005 4354 Lycinna,
1014 4275 1126 4353 postea
1135 4291 1205 4335 cum
1217 4271 1299 4354 Cyn·

444 4371 512 4438 thia
528 4373 666 4456 primam
683 4375 803 4440 amoris
818 4374 1082 4442 consuetudinem
1098 4377 1272 4460 eontrarit3
1392 4421 1393 4425 =

918 4468 921 4476 ,
1091 4465 1139 4529 ὃ*
