3258 5168
849 459 869 521 6

304 631 460 696 accedunt
475 632 535 696 loci
559 632 711 713 nonnulli,
726 632 781 696 ubi
797 633 837 695 N.
853 633 1094 715 exquisitiorem
1119 635 1171 698 rel
1191 635 1346 700 rariorem
1362 656 1417 702 vo·

304 739 489 803 cabalorum
513 737 648 802 lormam
665 740 816 802 servavit
854 758 929 802 nam
946 747 1171 825 praeterquam
1188 741 1273 823 quod
1289 761 1418 825 semper

303 844 371 909 fere
386 851 555 926 tnpmdons,
569 844 751 924 enimait),
760 845 947 924 aecumst)
964 851 1022 910 etc.
1031 845 1171 929 exhibet,
1187 847 1318 911 retinuit
1333 847 1371 928 V,
1387 850 1417 928 3,

304 955 346 1016 36
363 949 527 1035 equs***)‚
543 955 573 1034 9,
597 954 639 1015 36
661 961 816 1029 mcccp10;
835 957 1005 1034 praeterea
1027 972 1092 1033 qua
1115 952 1298 1037 corruptela
1313 959 1416 1016 ortum

303 1058 345 1122 sit
360 1057 398 1141 V,
411 1061 459 1139 10,
476 1061 495 1122 8
511 1056 545 1120 in
561 1056 601 1119 N.
609 1077 665 1120 occ
678 1078 790 1120 ocean
799 1058 954 1141 explicari
970 1058 1025 1122 vir
1038 1065 1153 1143 potest,
1167 1059 1229 1123 uisi
1252 1059 1416 1123 librarium

303 1164 495 1248 scripturum
512 1161 612 1228 luisse
634 1169 666 1227 in
689 1183 835 1226 cocorant
858 1163 1014 1249 suspicari
1039 1165 1156 1244 licet†)
1180 1203 1222 1212 —
1245 1173 1344 1247 atque
1366 1163 1416 1230 his

303 1264 434 1351 quidem
450 1268 529 1333 locis
547 1289 618 1333 cum
635 1267 834 1352 Groningani
849 1269 1034 1354 interpolati
1050 1268 1130 1336 fides
1154 1268 1248 1335 cedat
1264 1271 1416 1355 Neapoli-

303 1383 388 1458 tano,
411 1381 485 1439 sunt
499 1381 607 1440 tamen
622 1376 770 1457 quamvis
785 1376 881 1460 pauci
898 1376 1013 1458 quibus
1028 1376 1083 1439 ille
1100 1376 1349 1461 Neapolitanum
1365 1397 1416 1441 su·

303 1487 402 1567 peret.
434 1502 514 1563 quos
529 1481 594 1545 iam
610 1482 774 1564 colligam:
796 1483 834 1564 V,
846 1485 922 1564 l,36
938 1489 983 1546 irc
997 1481 1036 1545 6.
1050 1489 1107 1546 irre
1122 1483 1161 1545 N.
1178 1519 1220 1528 —
1237 1487 1267 1565 2,
1282 1486 1302 1546 3
1320 1503 1374 1562 epo
1390 1495 1418 1546 ct

303 1587 341 1651 6.
358 1609 412 1668 epo
428 1588 467 1652 N.
485 1625 527 1635 -
543 1592 574 1671 2,
590 1594 632 1653 58
648 1600 725 1652 meto
741 1587 778 1652 6.
794 1599 877 1652 oreta
892 1588 931 1651 N.
950 1594 1029 1672 —5‚
1045 1575 1088 1653 20
1097 1600 1241 1668 pererrat
1255 1587 1293 1652 6.
1302 1609 1417 1668 penae

302 1695 342 1759 N.
359 1732 401 1742 —
419 1700 448 1778 7,
465 1700 505 1759 65
522 1715 578 1758 nto
593 1702 733 1760 melmae
748 1694 785 1758 6.
800 1716 913 1758 nonme
929 1701 1056 1758 uetaret
1070 1695 1110 1758 N.
1128 1698 1209 1777 -8,
1225 1699 1266 1760 69
1278 1706 1416 1774 prostra-

302 1811 348 1864 tus
363 1798 400 1864 G.
410 1810 585 1880 protractae
599 1801 639 1863 N.
656 1837 697 1846 -
715 1805 743 1882 8,
761 1804 801 1866 78
817 1807 902 1864 πᾶσι
909 1799 946 1864 6.
954 1807 1031 1864 sidet
1045 1800 1093 1882 N.;
1114 1799 1242 1864 ubieG.
1258 1800 1417 1884 scriptura

302 1905 445 1970 chhius
460 1907 494 1970 in
509 1905 613 1989 symb.
630 1905 682 1990 pln
698 1906 772 1991 B.p.
783 1911 846 1972 328
862 1905 949 1970 haud
965 1906 1220 1990 improbabiliter
1235 1904 1417 1970 enucleavit

301 2019 393 2076 metet
407 2024 521 2090 operto.
538 2049 580 2058 -
603 2016 633 2094 9,
656 2015 695 2074 21
720 2022 811 2076 torret
833 2010 871 2075 6.
895 2023 1011 2092 torquet
1030 2013 1069 2076 N.
1094 2049 1135 2058 —
1159 2017 1189 2094 9,
1211 2015 1253 2076 22
1274 2018 1355 2089 serto
1378 2009 1415 2074 6.

299 2123 387 2196 scoto
396 2118 444 2199 N.;
466 2117 637 2182 ubinescio
646 2116 917 2199 anqnodKeihue
932 2117 966 2180 in
981 2118 1141 2183 observat.
1155 2117 1221 2182 crit
1230 2117 1415 2200 inPropert

302 2245 333 2308 p.
346 2227 384 2288 18
400 2223 522 2288 invenit
537 2235 613 2287 torto
628 2221 847 2308 recipiendum
864 2223 913 2289 sit.
929 2261 973 2270 -
989 2228 1019 2307 9,
1035 2227 1076 2289 38
1092 2234 1213 2303 recepto
1229 2220 1266 2285 G.
1280 2235 1416 2301 eccepto

302 2329 420 2411 Nque
443 2335 558 2414 aperte
580 2330 755 2412 genuinum
779 2331 913 2395 verbum
937 2329 1124 2415 explicatur.
1169 2329 1281 2396 horum
1306 2335 1415 2393 antem

302 2455 374 2500 eum
398 2434 560 2517 quaedam
592 2437 775 2501 coniectura
796 2437 928 2502 inventa
957 2456 1029 2501 esse
1056 2435 1188 2520 possint,
1217 2435 1284 2499 alia
1305 2441 1415 2499 tamen

302 2540 415 2606 eodem
432 2541 526 2606 modo
543 2548 619 2606 nato
640 2561 711 2607 esse
735 2542 790 2606 vix
805 2542 974 2627 probabile
990 2547 1047 2625 est,
1070 2562 1142 2607 oum
1159 2541 1338 2606 coniciendi
1360 2559 1415 2605 ne-

302 2648 435 2714 cessitas
456 2648 545 2712 nulla
567 2647 706 2730 adesset,
736 2649 825 2714 velut
847 2650 886 2733 V,
908 2653 939 2733 2,
955 2653 990 2730 33
1020 2652 1049 2732 8,
1073 2652 1129 2730 693
1158 2653 1188 2730 9,
1210 2653 1261 2712 21.
1306 2646 1415 2712 Helm-

302 2753 441 2818 reichius
456 2761 566 2819 tamen
581 2774 804 2836 quamcunque
820 2755 918 2819 aliam
935 2774 1073 2837 eamque
1081 2754 1248 2819 meliorem
1263 2773 1360 2835 quam
1377 2753 1416 2816 N.

302 2860 492 2944 scripturam
509 2860 661 2926 exhibeat
680 2858 727 2943 6.,
751 2879 823 2925 eam
844 2881 885 2925 ex
906 2860 1153 2947 interpolatione
1176 2858 1313 2924 hominis
1336 2859 1415 2924 satis

300 2965 419 3032 indocti
444 2966 620 3051 profectam
652 2986 725 3032 esse
755 2966 898 3032 coniecit.
951 2975 985 3032 at
1011 2969 1066 3034 ille
1098 2987 1169 3032 cum
1192 2964 1310 3029 menda
1333 2984 1416 3046 quae

301 3073 407 3154 quivis
431 3073 533 3158 possit
556 3073 717 3154 corrigere
748 3072 869 3136 intacta
888 3073 1070 3156 reliquerit,
1086 3093 1162 3136 num
1186 3076 1251 3135 tam
1276 3069 1415 3152 diligens

301 3177 369 3262 tuit,
385 3185 420 3243 ut
435 3179 587 3244 lectiones
604 3178 836 3262 probabiliores
852 3179 904 3244 vel
921 3178 1137 3265 compluribus
1153 3176 1314 3242 codicibus
1331 3197 1414 3242 corn-

301 3285 423 3370 paratis
441 3285 637 3368 elegeritvel
653 3286 788 3368 ipsesuo
804 3282 1281 3369 ingenionisusprocreaverit?
1311 3303 1415 3364 neque

300 3411 377 3456 vero
395 3410 435 3455 ex
452 3391 515 3457 alio
531 3398 629 3473 atque
646 3393 684 3455 N.
708 3391 883 3476 archetypo
905 3390 1033 3456 ductum
1055 3409 1128 3455 esse
1144 3388 1181 3453 6.
1202 3388 1415 3454 demonstrari

301 3503 417 3581 potest,
439 3497 515 3579 qnia
536 3497 713 3562 innumeris
729 3498 919 3581 corruptelis
943 3517 1014 3562 curn
1038 3497 1077 3560 N.
1102 3495 1131 3561 ei
1156 3496 1311 3561 convenit.
1358 3493 1416 3560 sed

301 3603 451 3685 quoniam
475 3601 513 3666 6.
551 3603 680 3669 saeculo
713 3602 821 3684 quinto
845 3602 969 3668 decimo
994 3607 1144 3669 exaratus
1168 3621 1209 3667 er
1239 3601 1415 3685 archetypo

390 3835 418 3898 *)
437 3831 492 3886 66.
505 3831 704 3908 Brambachius
718 3831 752 3886 de
766 3831 902 3885 sermonis
915 3830 1007 3885 Latini
1020 3830 1221 3899 orthographia
1239 3847 1287 3899 pp.
1301 3834 1349 3883 301
1373 3845 1413 3898 sq.

376 3921 419 3988 **)
433 3919 487 3976 Cir.
499 3919 699 3974 Brambachius
712 3919 729 3972 l.
743 3920 760 3973 l.
774 3937 823 3988 pp.
839 3923 888 3973 200
902 3935 961 3988 sqq.
1094 3979 1097 3990 1

358 4008 420 4078 ***)
435 4007 489 4062 Cfr.
503 4008 702 4064 Brambachius
715 4009 732 4061 l.
746 4008 763 4061 l.
777 4023 825 4074 pp.
841 4011 890 4059 224
905 4022 955 4075 sq,
977 4012 1027 4060 229
1042 4023 1101 4076 sqq.

388 4097 418 4166 †)
432 4095 565 4150 Similiter
577 4095 612 4162 V,
634 4100 658 4162 9,
672 4099 687 4147 3
702 4096 779 4163 quod
792 4111 888 4148 verum
902 4099 946 4150 est
962 4095 1001 4149 ad
1013 4096 1141 4150 ccdtrotos
1153 4095 1271 4163 primum
1290 4095 1318 4147 in
1338 4093 1378 4148 orl
1390 4101 1416 4149 et

301 4185 399 4239 doctos
411 4188 443 4237 nt
455 4179 515 4237 lieri
530 4184 603 4237 solet
620 4183 650 4235 in
669 4182 720 4236 hac
738 4183 950 4252 praepositione
963 4187 1133 4251 corruptum,
1155 4199 1220 4236 mox
1239 4183 1268 4236 in
1281 4182 1314 4236 N.
1328 4189 1354 4237 et
1366 4181 1415 4235 ad-

299 4273 390 4341 oictos,
408 4272 437 4326 iu
457 4272 489 4325 G.
507 4277 534 4324 et
549 4271 683 4325 adductos
700 4270 803 4326 factum
821 4277 865 4326 est
882 4271 1062 4341 hausposita'
1077 4286 1148 4341 quae
1173 4271 1334 4326 offendebat
1352 4286 1414 4340 par-

300 4361 386 4415 ticula
398 4367 431 4416 et.
