3226 5162
715 475 756 538 65

252 647 277 701 b.
292 649 329 701 Et
342 647 419 702 disco
434 665 489 716 qua
502 653 582 716 parte
595 647 665 701 fluat
677 648 831 702 vincendus
845 647 964 715 Araxes,

323 742 393 804 quot
405 737 464 790 sine
477 753 550 806 aqua
563 735 683 790 Parthus
696 735 771 790 milia
784 743 878 792 eiurat
889 752 986 805 equus.
1003 767 1034 774 --

287 841 373 892 cogor
387 830 415 879 et
428 841 442 879 e
456 825 553 880 tabula
565 824 658 893 pictos
670 825 794 878 ediscere
807 826 934 891 mundus

323 914 413 981 qualis
427 920 455 968 et
467 913 534 968 haec
549 913 624 968 docti
643 914 681 967 sit
692 914 820 982 positura
834 914 887 982 dei,

287 1018 358 1070 quae
372 1003 456 1056 tellus
470 1003 507 1056 sit
519 1004 594 1056 lenta
607 1003 681 1070 gelu,
695 1018 766 1070 quae
780 1003 870 1071 putris
884 1002 919 1055 ab
933 1011 1012 1055 aestu

323 1097 425 1145 ventus
438 1091 467 1145 in
480 1092 588 1145 Italiam
602 1091 649 1159 qui
661 1091 732 1146 bene
746 1092 809 1145 vela
821 1091 901 1146 ferat.

252 1215 274 1250 0.
294 1197 416 1250 Adsidet
428 1213 483 1251 una
497 1213 585 1264 soror,
599 1198 672 1252 curis
687 1204 716 1252 et
728 1198 834 1266 pallida
847 1197 940 1251 nutrix

323 1286 431 1355 peierat
443 1285 552 1340 hiberni
565 1288 700 1356 temporis
713 1303 775 1342 esse
788 1303 888 1341 moras.

254 1746 279 1798 d.
294 1747 362 1800 Nam
381 1747 448 1801 mihi
468 1749 545 1816 quo?
571 1749 674 1807 Poenis
693 1748 745 1802 tibi
764 1765 890 1818 purpura
908 1747 1015 1816 fulgeat
1034 1749 1118 1803 ostris

323 1837 527 1907 crystallusque
540 1853 616 1893 meas
630 1843 711 1892 ornet
723 1853 830 1906 aquosa
842 1853 948 1891 manus.
962 1868 995 1876 -

291 1926 383 1978 omnia
396 1927 481 1980 surda
493 1932 595 1993 100001,
609 1926 734 1994 rarisque
748 1926 865 1980 adsueta
877 1925 1007 1980 kalendis

324 2014 371 2067 vix
384 2015 474 2083 aperit
487 2015 598 2069 clausos
611 2031 667 2069 una
679 2015 773 2084 puella
786 2015 867 2068 lares.

292 2103 444 2158 Glaucidos
457 2109 486 2158 et
497 2104 606 2158 catulae
619 2121 675 2158 vox
688 2109 732 2158 est
743 2103 810 2157 mihi
822 2110 902 2172 grata
915 2105 1071 2173 querentis:

324 2191 372 2244 illa
385 2192 427 2245 tui
439 2198 547 2260 partem
559 2193 685 2246 vindicat
697 2209 752 2247 una
764 2199 836 2246 tero.

255 2311 277 2350 e.
295 2297 376 2350 Flore
389 2298 491 2351 sacella
504 2303 578 2366 tego,
591 2299 721 2353 verbenis
735 2298 856 2366 compita
869 2299 932 2352 velo

324 2390 353 2438 et
365 2391 462 2453 crepat
475 2387 511 2439 ad
523 2391 634 2440 veteres
646 2386 733 2441 herba
746 2387 850 2441 Sabina
861 2386 949 2440 focos.
964 2417 996 2426 —

289 2472 347 2526 sive
361 2473 389 2526 in
402 2469 519 2526 finitimo
531 2475 638 2542 gemuit
650 2481 727 2530 stans
740 2482 843 2529 nectua
855 2476 943 2542 tigno,

324 2577 374 2616 seu
386 2563 477 2616 voluit
489 2563 567 2632 tangi
580 2579 665 2632 parea
677 2565 789 2619 lucerna
802 2579 887 2631 mero,

288 2649 336 2703 illa
349 2651 409 2704 dies
422 2650 518 2705 hornis
531 2652 642 2707 caedem
657 2651 802 2705 denuntiat
814 2652 903 2719 agnis,

323 2739 512 2809 succinctique
525 2741 617 2794 calent
629 2740 666 2794 ad
677 2756 751 2794 nova
764 2741 840 2793 lucra
852 2757 954 2810 popae.

193 2861 236 2915 Bt
250 2878 274 2915 a.
288 2863 337 2931 Ne,
351 2879 458 2932 precor,
472 2865 614 2919 adscensis
627 2864 698 2918 tanti
712 2864 749 2918 sit
761 2864 852 2932 gloria
864 2865 981 2930 Bactris,

323 2957 439 3020 raptaue
453 2953 571 3007 odorato
585 2953 700 3008 carbasa
712 2953 769 3006 lina
783 2953 854 3021 duci,

288 3040 420 3108 plumbea
432 3058 494 3094 curn
507 3046 597 3095 tortae
611 3047 781 3111 sparguntur
793 3042 920 3110 pondera
932 3041 1043 3110 fundae,

328 3130 465 3183 subdolus
479 3135 508 3184 et
520 3130 609 3184 versis
622 3130 749 3200 increpat
761 3145 842 3184 arcus
854 3130 942 3198 equis.

254 3234 281 3287 b.
295 3234 351 3289 Sed
365 3239 423 3304 (tua
436 3237 476 3291 sic
488 3236 601 3290 domitis
614 3237 732 3292 Parthae
745 3237 853 3291 telluris
866 3237 984 3291 alumnis

323 3339 394 3391 pura
406 3325 603 3393 triumphantis
616 3325 697 3379 hasta
711 3331 844 3394 sequatur
857 3334 955 3394 equos)

289 3411 450 3481 incorrupta
463 3413 517 3467 mei
530 3430 664 3468 conserva
677 3413 791 3467 foedera
799 3406 876 3468 lecti.

325 3501 376 3554 hac
389 3516 442 3569 ego
456 3507 483 3555 te
497 3501 557 3555 sola
569 3503 630 3570 lege
645 3502 750 3556 redissc
763 3501 855 3556 velim.

194 3623 243 3677 Αἱ.
292 3622 435 3693 Armaque
449 3641 510 3679 curn
524 3626 614 3680 tulero
627 3631 726 3695 portae
740 3626 837 3680 votiva
851 3626 987 3695 Capenae,

323 3713 496 3769 subscribam
508 3715 606 3783 „salve
619 3720 699 3784 grata
712 3717 807 3784 puella
819 3715 908 3769 vir0.“

631 3981 782 4048 Carmen
800 3981 837 4048 11.

196 4116 231 4171 Α.
292 4119 379 4174 Terra
393 4126 469 4175 tuum
484 4121 573 4190 spinis
587 4122 717 4190 obducat,
731 4123 801 4200 lena,
816 4124 981 4192 sepulcrum,

323 4215 352 4262 et
365 4214 421 4278 tua,
436 4210 512 4278 quod
525 4227 581 4264 non
594 4210 646 4278 vis,
660 4211 764 4265 sentiat
777 4213 874 4266 umbra
887 4213 971 4280 sitirn,

288 4313 338 4352 nec
351 4298 467 4353 sedeant
480 4299 564 4353 cineri
577 4315 680 4367 manes,
694 4305 723 4354 et
736 4301 872 4355 Cerberus
886 4302 959 4355 ultor

323 4386 417 4456 turpia
429 4387 523 4442 ieiuno
537 4393 641 4444 terreat
653 4403 718 4444 ossa
731 4405 811 4444 suno.
