<?xml version="1.0" encoding="UTF-8"?>
<!DOCTYPE html PUBLIC "-//W3C//DTD XHTML 1.0 Transitional//EN"
    "http://www.w3.org/TR/xhtml1/DTD/xhtml1-transitional.dtd">
<html xmlns="http://www.w3.org/1999/xhtml" xml:lang="en" lang="en">
 <head>
  <title>
</title>
<meta http-equiv="Content-Type" content="text/html;charset=utf-8" />
  <meta name='ocr-system' content='tesseract 3.04.00' />
  <meta name='ocr-capabilities' content='ocr_page ocr_carea ocr_par ocr_line ocrx_word'/>
</head>
<body>
  <div class='ocr_page' id='page_1' title='image "./commentationesp00propgoog_0046.png"; bbox 0 0 3258 5168; ppageno 0'>
   <div class='ocr_carea' id='block_1_1' title="bbox 731 463 773 526">
    <p class='ocr_par' dir='ltr' id='par_1_1' title="bbox 731 463 773 526">
     <span class='ocr_line' id='line_1_1' title="bbox 731 463 773 526; baseline -0.024 0"><span class='ocrx_word' id='word_1_1' title='bbox 731 463 773 526; x_wconf 88' lang='grc'><strong>37</strong></span> 
     </span>
    </p>
   </div>
   <div class='ocr_carea' id='block_1_2' title="bbox 195 637 1398 4459">
    <p class='ocr_par' dir='ltr' id='par_1_2' title="bbox 196 637 1398 3286">
     <span class='ocr_line' id='line_1_2' title="bbox 198 637 1311 725; baseline -0.003 -21"><span class='ocrx_word' id='word_1_2' title='bbox 198 641 400 725; x_wconf 82' lang='lat' dir='ltr'><strong>Propertium</strong></span> <span class='ocrx_word' id='word_1_3' title='bbox 417 647 608 705; x_wconf 87' lang='lat' dir='ltr'><strong>enecatums</strong></span> <span class='ocrx_word' id='word_1_4' title='bbox 633 658 705 704; x_wconf 91' lang='lat' dir='ltr'><strong>esse</strong></span> <span class='ocrx_word' id='word_1_5' title='bbox 729 637 855 722; x_wconf 88' lang='lat' dir='ltr'><strong>dicitur,</strong></span> <span class='ocrx_word' id='word_1_6' title='bbox 882 643 949 702; x_wconf 92' lang='lat' dir='ltr'><strong>tum</strong></span> <span class='ocrx_word' id='word_1_7' title='bbox 970 658 1022 702; x_wconf 86' lang='grc'><strong>11.</strong></span> <span class='ocrx_word' id='word_1_8' title='bbox 1043 639 1101 701; x_wconf 89' lang='grc'><strong>143</strong></span> <span class='ocrx_word' id='word_1_9' title='bbox 1118 657 1195 719; x_wconf 88' lang='lat' dir='ltr'><strong>sqq.</strong></span> <span class='ocrx_word' id='word_1_10' title='bbox 1212 637 1311 701; x_wconf 90' lang='lat' dir='ltr'><strong>multo</strong></span> 
     </span>
     <span class='ocr_line' id='line_1_3' title="bbox 198 743 1311 830; baseline -0.004 -18"><span class='ocrx_word' id='word_1_11' title='bbox 198 748 337 813; x_wconf 91' lang='lat' dir='ltr'><strong>minores</strong></span> <span class='ocrx_word' id='word_1_12' title='bbox 355 746 481 812; x_wconf 90' lang='lat' dir='ltr'><strong>dolores</strong></span> <span class='ocrx_word' id='word_1_13' title='bbox 506 744 758 830; x_wconf 80' lang='lat' dir='ltr'><strong>praedicuntur?</strong></span> <span class='ocrx_word' id='word_1_14' title='bbox 803 743 861 810; x_wconf 91' lang='lat' dir='ltr'><strong>sed</strong></span> <span class='ocrx_word' id='word_1_15' title='bbox 886 745 1011 811; x_wconf 86' lang='lat' dir='ltr'><strong>leviora</strong></span> <span class='ocrx_word' id='word_1_16' title='bbox 1035 744 1129 809; x_wconf 85' lang='lat' dir='ltr'><strong>haec:</strong></span> <span class='ocrx_word' id='word_1_17' title='bbox 1156 744 1311 827; x_wconf 79' lang='lat' dir='ltr'><strong>gravissi-</strong></span> 
     </span>
     <span class='ocr_line' id='line_1_4' title="bbox 197 850 1312 936; baseline -0.004 -18"><span class='ocrx_word' id='word_1_18' title='bbox 197 876 284 919; x_wconf 93' lang='lat' dir='ltr'><strong>mum</strong></span> <span class='ocrx_word' id='word_1_19' title='bbox 293 859 401 920; x_wconf 88' lang='lat' dir='ltr'><strong>autem</strong></span> <span class='ocrx_word' id='word_1_20' title='bbox 417 852 564 936; x_wconf 83' lang='lat' dir='ltr'><strong>illud&#39;est,</strong></span> <span class='ocrx_word' id='word_1_21' title='bbox 581 850 666 935; x_wconf 89' lang='lat' dir='ltr'><strong>qnod</strong></span> <span class='ocrx_word' id='word_1_22' title='bbox 682 851 777 916; x_wconf 90' lang='lat' dir='ltr'><strong>huius</strong></span> <span class='ocrx_word' id='word_1_23' title='bbox 794 851 922 918; x_wconf 78' lang='lat' dir='ltr'><strong>distichi</strong></span> <span class='ocrx_word' id='word_1_24' title='bbox 938 852 1181 936; x_wconf 86' lang='lat' dir='ltr'><strong>sententia-ipsa</strong></span> <span class='ocrx_word' id='word_1_25' title='bbox 1189 854 1312 935; x_wconf 82' lang='lat' dir='ltr'><strong>pugnat</strong></span> 
     </span>
     <span class='ocr_line' id='line_1_5' title="bbox 198 957 1311 1046; baseline -0.005 -18"><span class='ocrx_word' id='word_1_26' title='bbox 198 983 269 1028; x_wconf 90' lang='lat' dir='ltr'><strong>cum</strong></span> <span class='ocrx_word' id='word_1_27' title='bbox 285 960 452 1046; x_wconf 80' lang='lat' dir='ltr'><strong>horoscopi</strong></span> <span class='ocrx_word' id='word_1_28' title='bbox 469 959 627 1026; x_wconf 86' lang='lat' dir='ltr'><strong>vaticinio</strong></span> <span class='ocrx_word' id='word_1_29' title='bbox 666 959 849 1042; x_wconf 86' lang='lat' dir='ltr'><strong>exemplum</strong></span> <span class='ocrx_word' id='word_1_30' title='bbox 867 959 951 1024; x_wconf 89' lang='lat' dir='ltr'><strong>enim</strong></span> <span class='ocrx_word' id='word_1_31' title='bbox 968 981 1031 1043; x_wconf 90' lang='lat' dir='ltr'><strong>quc</strong></span> <span class='ocrx_word' id='word_1_32' title='bbox 1047 959 1080 1022; x_wconf 92' lang='lat' dir='ltr'><strong>in</strong></span> <span class='ocrx_word' id='word_1_33' title='bbox 1096 959 1146 1026; x_wconf 90' lang='lat' dir='ltr'><strong>his</strong></span> <span class='ocrx_word' id='word_1_34' title='bbox 1163 957 1311 1024; x_wconf 87' lang='lat' dir='ltr'><strong>versibus</strong></span> 
     </span>
     <span class='ocr_line' id='line_1_6' title="bbox 198 1066 1311 1151; baseline -0.004 -19"><span class='ocrx_word' id='word_1_35' title='bbox 198 1075 304 1132; x_wconf 88' lang='lat' dir='ltr'><strong>utatur</strong></span> <span class='ocrx_word' id='word_1_36' title='bbox 320 1073 430 1132; x_wconf 80' lang='lat' dir='ltr'><strong>auctor</strong></span> <span class='ocrx_word' id='word_1_37' title='bbox 453 1073 614 1151; x_wconf 89' lang='lat' dir='ltr'><strong>sumptum</strong></span> <span class='ocrx_word' id='word_1_38' title='bbox 639 1085 711 1132; x_wconf 90' lang='lat' dir='ltr'><strong>esse</strong></span> <span class='ocrx_word' id='word_1_39' title='bbox 725 1066 798 1146; x_wconf 86' lang='lat' dir='ltr'><strong>¹iure</strong></span> <span class='ocrx_word' id='word_1_40' title='bbox 815 1087 872 1132; x_wconf 91' lang='lat' dir='ltr'><strong>suo</strong></span> <span class='ocrx_word' id='word_1_41' title='bbox 894 1066 1003 1131; x_wconf 91' lang='lat' dir='ltr'><strong>dicunt</strong></span> <span class='ocrx_word' id='word_1_42' title='bbox 1025 1068 1217 1150; x_wconf 81' lang='lat' dir='ltr'><strong>interpretes</strong></span> <span class='ocrx_word' id='word_1_43' title='bbox 1242 1084 1311 1129; x_wconf 92' lang='lat' dir='ltr'><strong>ere</strong></span> 
     </span>
     <span class='ocr_line' id='line_1_7' title="bbox 198 1172 1311 1259; baseline -0.001 -21"><span class='ocrx_word' id='word_1_44' title='bbox 198 1175 371 1258; x_wconf 85' lang='lat' dir='ltr'><strong>piscatoria</strong></span> <span class='ocrx_word' id='word_1_45' title='bbox 380 1181 412 1240; x_wconf 91' lang='lat' dir='ltr'><strong>et</strong></span> <span class='ocrx_word' id='word_1_46' title='bbox 425 1173 546 1259; x_wconf 89' lang='lat' dir='ltr'><strong>duplici</strong></span> <span class='ocrx_word' id='word_1_47' title='bbox 562 1172 636 1238; x_wconf 89' lang='lat' dir='ltr'><strong>unci</strong></span> <span class='ocrx_word' id='word_1_48' title='bbox 653 1179 793 1239; x_wconf 87' lang='lat' dir='ltr'><strong>etansac</strong></span> <span class='ocrx_word' id='word_1_49' title='bbox 810 1173 939 1238; x_wconf 90' lang='lat' dir='ltr'><strong>nomine</strong></span> <span class='ocrx_word' id='word_1_50' title='bbox 949 1173 1018 1238; x_wconf 90' lang='lat' dir='ltr'><strong>sine</strong></span> <span class='ocrx_word' id='word_1_51' title='bbox 1034 1173 1132 1237; x_wconf 89' lang='lat' dir='ltr'><strong>dubio</strong></span> <span class='ocrx_word' id='word_1_52' title='bbox 1150 1172 1311 1256; x_wconf 89' lang='lat' dir='ltr'><strong>duplicem</strong></span> 
     </span>
     <span class='ocr_line' id='line_1_8' title="bbox 197 1267 1311 1364; baseline 0.001 -19"><span class='ocrx_word' id='word_1_53' title='bbox 197 1281 327 1345; x_wconf 88' lang='lat' dir='ltr'><strong>hamum</strong></span> <span class='ocrx_word' id='word_1_54' title='bbox 351 1267 527 1364; x_wconf 81' lang='lat' dir='ltr'><strong>significari</strong></span> <span class='ocrx_word' id='word_1_55' title='bbox 559 1279 677 1347; x_wconf 87' lang='lat' dir='ltr'><strong>volunt.</strong></span> <span class='ocrx_word' id='word_1_56' title='bbox 724 1286 758 1345; x_wconf 91' lang='lat' dir='ltr'><strong>at</strong></span> <span class='ocrx_word' id='word_1_57' title='bbox 781 1279 900 1364; x_wconf 83' lang='lat' dir='ltr'><strong>duplex</strong></span> <span class='ocrx_word' id='word_1_58' title='bbox 931 1279 1044 1346; x_wconf 87' lang='lat' dir='ltr'><strong>hamus</strong></span> <span class='ocrx_word' id='word_1_59' title='bbox 1067 1281 1114 1344; x_wconf 86' lang='lat' dir='ltr'><strong>ita</strong></span> <span class='ocrx_word' id='word_1_60' title='bbox 1136 1279 1217 1345; x_wconf 90' lang='lat' dir='ltr'><strong>solet</strong></span> <span class='ocrx_word' id='word_1_61' title='bbox 1240 1299 1311 1346; x_wconf 90' lang='lat' dir='ltr'><strong>esse</strong></span> 
     </span>
     <span class='ocr_line' id='line_1_9' title="bbox 198 1386 1312 1472; baseline -0.004 -18"><span class='ocrx_word' id='word_1_62' title='bbox 198 1394 410 1472; x_wconf 87' lang='lat' dir='ltr'><strong>comparatus,</strong></span> <span class='ocrx_word' id='word_1_63' title='bbox 433 1393 476 1470; x_wconf 89' lang='lat' dir='ltr'><strong>ut,</strong></span> <span class='ocrx_word' id='word_1_64' title='bbox 498 1388 525 1453; x_wconf 90' lang='lat' dir='ltr'><strong>si</strong></span> <span class='ocrx_word' id='word_1_65' title='bbox 550 1407 703 1454; x_wconf 86' lang='lat' dir='ltr'><strong>excussus</strong></span> <span class='ocrx_word' id='word_1_66' title='bbox 727 1392 785 1471; x_wconf 80' lang='lat' dir='ltr'><strong>cst,</strong></span> <span class='ocrx_word' id='word_1_67' title='bbox 808 1407 872 1452; x_wconf 93' lang='lat' dir='ltr'><strong>non</strong></span> <span class='ocrx_word' id='word_1_68' title='bbox 887 1387 988 1469; x_wconf 85' lang='lat' dir='ltr'><strong>possit</strong></span> <span class='ocrx_word' id='word_1_69' title='bbox 1011 1386 1113 1453; x_wconf 88' lang='lat' dir='ltr'><strong>altera</strong></span> <span class='ocrx_word' id='word_1_70' title='bbox 1136 1386 1229 1469; x_wconf 86' lang='lat' dir='ltr'><strong>quasi</strong></span> <span class='ocrx_word' id='word_1_71' title='bbox 1253 1407 1312 1451; x_wconf 88' lang='lat' dir='ltr'><strong>sua</strong></span> 
     </span>
     <span class='ocr_line' id='line_1_10' title="bbox 199 1493 1311 1578; baseline -0.001 -20"><span class='ocrx_word' id='word_1_72' title='bbox 199 1501 289 1578; x_wconf 89' lang='lat' dir='ltr'><strong>parte</strong></span> <span class='ocrx_word' id='word_1_73' title='bbox 306 1495 427 1577; x_wconf 89' lang='lat' dir='ltr'><strong>piscem</strong></span> <span class='ocrx_word' id='word_1_74' title='bbox 443 1495 559 1559; x_wconf 90' lang='lat' dir='ltr'><strong>iterum</strong></span> <span class='ocrx_word' id='word_1_75' title='bbox 576 1514 698 1560; x_wconf 88' lang='lat' dir='ltr'><strong>secare.</strong></span> <span class='ocrx_word' id='word_1_76' title='bbox 730 1515 792 1578; x_wconf 91' lang='lat' dir='ltr'><strong>quo</strong></span> <span class='ocrx_word' id='word_1_77' title='bbox 809 1494 909 1577; x_wconf 80' lang='lat' dir='ltr'><strong>igitur</strong></span> <span class='ocrx_word' id='word_1_78' title='bbox 924 1499 1027 1577; x_wconf 89' lang='lat' dir='ltr'><strong>pacto,</strong></span> <span class='ocrx_word' id='word_1_79' title='bbox 1043 1493 1071 1558; x_wconf 90' lang='lat' dir='ltr'><strong>si</strong></span> <span class='ocrx_word' id='word_1_80' title='bbox 1088 1513 1187 1559; x_wconf 90' lang='lat' dir='ltr'><strong>uncus</strong></span> <span class='ocrx_word' id='word_1_81' title='bbox 1204 1499 1311 1558; x_wconf 90' lang='lat' dir='ltr'><strong>mento</strong></span> 
     </span>
     <span class='ocr_line' id='line_1_11' title="bbox 197 1599 1310 1685; baseline -0.002 -20"><span class='ocrx_word' id='word_1_82' title='bbox 197 1601 361 1668; x_wconf 91' lang='lat' dir='ltr'><strong>discussus</strong></span> <span class='ocrx_word' id='word_1_83' title='bbox 378 1606 434 1685; x_wconf 83' lang='lat' dir='ltr'><strong>est,</strong></span> <span class='ocrx_word' id='word_1_84' title='bbox 451 1606 560 1666; x_wconf 88' lang='lat' dir='ltr'><strong>tamen</strong></span> <span class='ocrx_word' id='word_1_85' title='bbox 576 1621 665 1684; x_wconf 82' lang='lat' dir='ltr'><strong>ausa,</strong></span> <span class='ocrx_word' id='word_1_86' title='bbox 681 1622 777 1683; x_wconf 88' lang='lat' dir='ltr'><strong>quarn</strong></span> <span class='ocrx_word' id='word_1_87' title='bbox 795 1599 827 1666; x_wconf 83' lang='lat' dir='ltr'><strong>&#39;et</strong></span> <span class='ocrx_word' id='word_1_88' title='bbox 842 1601 947 1684; x_wconf 87' lang='lat' dir='ltr'><strong>ipsam</strong></span> <span class='ocrx_word' id='word_1_89' title='bbox 965 1620 1079 1665; x_wconf 91' lang='lat' dir='ltr'><strong>uncum</strong></span> <span class='ocrx_word' id='word_1_90' title='bbox 1096 1619 1168 1666; x_wconf 90' lang='lat' dir='ltr'><strong>esse</strong></span> <span class='ocrx_word' id='word_1_91' title='bbox 1184 1605 1310 1665; x_wconf 90' lang='lat' dir='ltr'><strong>conten-</strong></span> 
     </span>
     <span class='ocr_line' id='line_1_12' title="bbox 198 1705 1311 1792; baseline -0.004 -19"><span class='ocrx_word' id='word_1_92' title='bbox 198 1708 283 1792; x_wconf 87' lang='lat' dir='ltr'><strong>dunt,</strong></span> <span class='ocrx_word' id='word_1_93' title='bbox 307 1707 508 1792; x_wconf 90' lang='lat' dir='ltr'><strong>Propertium</strong></span> <span class='ocrx_word' id='word_1_94' title='bbox 532 1727 679 1791; x_wconf 86' lang='lat' dir='ltr'><strong>premere</strong></span> <span class='ocrx_word' id='word_1_95' title='bbox 696 1706 821 1774; x_wconf 76' lang='lat' dir='ltr'><strong>fertur?</strong></span> <span class='ocrx_word' id='word_1_96' title='bbox 866 1707 964 1772; x_wconf 91' lang='lat' dir='ltr'><strong>immo</strong></span> <span class='ocrx_word' id='word_1_97' title='bbox 985 1727 1065 1771; x_wconf 87' lang='lat' dir='ltr'><strong>unco</strong></span> <span class='ocrx_word' id='word_1_98' title='bbox 1081 1706 1133 1771; x_wconf 83' lang='lat' dir='ltr'><strong>vel</strong></span> <span class='ocrx_word' id='word_1_99' title='bbox 1149 1725 1238 1789; x_wconf 79' lang='lat' dir='ltr'><strong>ansa,</strong></span> <span class='ocrx_word' id='word_1_100' title='bbox 1255 1705 1311 1770; x_wconf 88' lang='lat' dir='ltr'><strong>ubi</strong></span> 
     </span>
     <span class='ocr_line' id='line_1_13' title="bbox 196 1812 1310 1899; baseline -0.002 -21"><span class='ocrx_word' id='word_1_101' title='bbox 196 1821 302 1880; x_wconf 91' lang='lat' dir='ltr'><strong>mento</strong></span> <span class='ocrx_word' id='word_1_102' title='bbox 319 1815 513 1881; x_wconf 85' lang='lat' dir='ltr'><strong>excussisset</strong></span> <span class='ocrx_word' id='word_1_103' title='bbox 521 1814 717 1899; x_wconf 80' lang='lat' dir='ltr'><strong>Propertius,</strong></span> <span class='ocrx_word' id='word_1_104' title='bbox 733 1820 841 1879; x_wconf 88' lang='lat' dir='ltr'><strong>tamen</strong></span> <span class='ocrx_word' id='word_1_105' title='bbox 857 1812 947 1878; x_wconf 91' lang='lat' dir='ltr'><strong>aliud</strong></span> <span class='ocrx_word' id='word_1_106' title='bbox 955 1812 1062 1880; x_wconf 89' lang='lat' dir='ltr'><strong>statim</strong></span> <span class='ocrx_word' id='word_1_107' title='bbox 1075 1813 1252 1879; x_wconf 89' lang='lat' dir='ltr'><strong>membrum</strong></span> <span class='ocrx_word' id='word_1_108' title='bbox 1261 1832 1310 1877; x_wconf 91' lang='lat' dir='ltr'><strong>ar-</strong></span> 
     </span>
     <span class='ocr_line' id='line_1_14' title="bbox 197 1919 1311 2005; baseline -0.001 -20"><span class='ocrx_word' id='word_1_109' title='bbox 197 1927 321 2005; x_wconf 88' lang='lat' dir='ltr'><strong>reptum</strong></span> <span class='ocrx_word' id='word_1_110' title='bbox 338 1941 410 1986; x_wconf 91' lang='lat' dir='ltr'><strong>esse</strong></span> <span class='ocrx_word' id='word_1_111' title='bbox 426 1926 512 1986; x_wconf 90' lang='lat' dir='ltr'><strong>recte</strong></span> <span class='ocrx_word' id='word_1_112' title='bbox 529 1920 704 1986; x_wconf 84' lang='lat' dir='ltr'><strong>dicebatur.</strong></span> <span class='ocrx_word' id='word_1_113' title='bbox 739 1920 978 2003; x_wconf 90' lang='lat' dir='ltr'><strong>quodcumnon</strong></span> <span class='ocrx_word' id='word_1_114' title='bbox 989 1919 1311 2004; x_wconf 76' lang='lat' dir='ltr'><strong>factumsitapparct</strong></span> 
     </span>
     <span class='ocr_line' id='line_1_15' title="bbox 197 2026 1311 2111; baseline -0.001 -19"><span class='ocrx_word' id='word_1_115' title='bbox 197 2048 276 2093; x_wconf 87' lang='lat' dir='ltr'><strong>unco</strong></span> <span class='ocrx_word' id='word_1_116' title='bbox 293 2029 409 2110; x_wconf 90' lang='lat' dir='ltr'><strong>opponi</strong></span> <span class='ocrx_word' id='word_1_117' title='bbox 426 2048 540 2094; x_wconf 86' lang='lat' dir='ltr'><strong>ansam</strong></span> <span class='ocrx_word' id='word_1_118' title='bbox 558 2027 651 2111; x_wconf 87' lang='lat' dir='ltr'><strong>quasi</strong></span> <span class='ocrx_word' id='word_1_119' title='bbox 667 2028 803 2092; x_wconf 88' lang='lat' dir='ltr'><strong>alterum</strong></span> <span class='ocrx_word' id='word_1_120' title='bbox 825 2033 1027 2093; x_wconf 88' lang='lat' dir='ltr'><strong>tormentum.</strong></span> <span class='ocrx_word' id='word_1_121' title='bbox 1065 2026 1193 2094; x_wconf 88' lang='lat' dir='ltr'><strong>dicendi</strong></span> <span class='ocrx_word' id='word_1_122' title='bbox 1211 2026 1311 2110; x_wconf 83' lang='lat' dir='ltr'><strong>igitur</strong></span> 
     </span>
     <span class='ocr_line' id='line_1_16' title="bbox 196 2132 1309 2218; baseline -0.001 -20"><span class='ocrx_word' id='word_1_123' title='bbox 196 2135 317 2199; x_wconf 89' lang='lat' dir='ltr'><strong>lumine</strong></span> <span class='ocrx_word' id='word_1_124' title='bbox 333 2140 455 2199; x_wconf 91' lang='lat' dir='ltr'><strong>remoto</strong></span> <span class='ocrx_word' id='word_1_125' title='bbox 480 2154 543 2199; x_wconf 86' lang='lat' dir='ltr'><strong>una</strong></span> <span class='ocrx_word' id='word_1_126' title='bbox 566 2135 674 2217; x_wconf 87' lang='lat' dir='ltr'><strong>puella</strong></span> <span class='ocrx_word' id='word_1_127' title='bbox 691 2133 826 2218; x_wconf 89' lang='lat' dir='ltr'><strong>depulsa</strong></span> <span class='ocrx_word' id='word_1_128' title='bbox 850 2156 924 2200; x_wconf 90' lang='lat' dir='ltr'><strong>mox</strong></span> <span class='ocrx_word' id='word_1_129' title='bbox 948 2135 1083 2201; x_wconf 83' lang='lat' dir='ltr'><strong>alteram</strong></span> <span class='ocrx_word' id='word_1_130' title='bbox 1106 2154 1210 2217; x_wconf 89' lang='lat' dir='ltr'><strong>acque</strong></span> <span class='ocrx_word' id='word_1_131' title='bbox 1227 2132 1309 2198; x_wconf 78' lang='lat' dir='ltr'><strong>diffi-</strong></span> 
     </span>
     <span class='ocr_line' id='line_1_17' title="bbox 197 2239 1309 2325; baseline 0 -19"><span class='ocrx_word' id='word_1_132' title='bbox 197 2241 290 2306; x_wconf 88' lang='lat' dir='ltr'><strong>cilem</strong></span> <span class='ocrx_word' id='word_1_133' title='bbox 311 2248 492 2305; x_wconf 88' lang='lat' dir='ltr'><strong>amaturum</strong></span> <span class='ocrx_word' id='word_1_134' title='bbox 525 2260 597 2306; x_wconf 89' lang='lat' dir='ltr'><strong>csse</strong></span> <span class='ocrx_word' id='word_1_135' title='bbox 628 2245 756 2325; x_wconf 88' lang='lat' dir='ltr'><strong>poetam</strong></span> <span class='ocrx_word' id='word_1_136' title='bbox 781 2262 830 2306; x_wconf 90' lang='lat' dir='ltr'><strong>vv.</strong></span> <span class='ocrx_word' id='word_1_137' title='bbox 858 2247 916 2305; x_wconf 91' lang='grc'><strong>141</strong></span> <span class='ocrx_word' id='word_1_138' title='bbox 943 2261 993 2324; x_wconf 62' lang='grc'>111,</span> <span class='ocrx_word' id='word_1_139' title='bbox 1014 2239 1173 2311; x_wconf 84' lang='lat' dir='ltr'><strong>audimus.</strong></span> <span class='ocrx_word' id='word_1_140' title='bbox 1220 2242 1309 2324; x_wconf 90' lang='lat' dir='ltr'><strong>atqui</strong></span> 
     </span>
     <span class='ocr_line' id='line_1_18' title="bbox 196 2345 1310 2431; baseline 0.002 -21"><span class='ocrx_word' id='word_1_141' title='bbox 196 2347 298 2413; x_wconf 82' lang='lat' dir='ltr'><strong>Honos</strong></span> <span class='ocrx_word' id='word_1_142' title='bbox 315 2369 366 2413; x_wconf 89' lang='grc'><strong>11.</strong></span> <span class='ocrx_word' id='word_1_143' title='bbox 385 2351 446 2412; x_wconf 85' lang='grc'><strong>139</strong></span> <span class='ocrx_word' id='word_1_144' title='bbox 464 2368 509 2431; x_wconf 93' lang='lat' dir='ltr'><strong>sq.</strong></span> <span class='ocrx_word' id='word_1_145' title='bbox 526 2348 621 2414; x_wconf 89' lang='lat' dir='ltr'><strong>unius</strong></span> <span class='ocrx_word' id='word_1_146' title='bbox 644 2348 773 2430; x_wconf 85' lang='lat' dir='ltr'><strong>puellae</strong></span> <span class='ocrx_word' id='word_1_147' title='bbox 789 2347 891 2414; x_wconf 89' lang='lat' dir='ltr'><strong>fastus</strong></span> <span class='ocrx_word' id='word_1_148' title='bbox 908 2345 1038 2414; x_wconf 89' lang='lat' dir='ltr'><strong>disertis</strong></span> <span class='ocrx_word' id='word_1_149' title='bbox 1061 2348 1169 2413; x_wconf 83' lang='lat' dir='ltr'><strong>verbis</strong></span> <span class='ocrx_word' id='word_1_150' title='bbox 1194 2349 1310 2413; x_wconf 84' lang='lat' dir='ltr'><strong>extulit</strong></span> 
     </span>
     <span class='ocr_line' id='line_1_19' title="bbox 198 2454 1310 2539; baseline 0.001 -20"><span class='ocrx_word' id='word_1_151' title='bbox 198 2460 229 2519; x_wconf 92' lang='lat' dir='ltr'><strong>et</strong></span> <span class='ocrx_word' id='word_1_152' title='bbox 245 2454 279 2518; x_wconf 92' lang='lat' dir='ltr'><strong>in</strong></span> <span class='ocrx_word' id='word_1_153' title='bbox 294 2454 354 2520; x_wconf 90' lang='lat' dir='ltr'><strong>hac</strong></span> <span class='ocrx_word' id='word_1_154' title='bbox 378 2455 441 2520; x_wconf 90' lang='lat' dir='ltr'><strong>sibi</strong></span> <span class='ocrx_word' id='word_1_155' title='bbox 465 2459 587 2520; x_wconf 89' lang='lat' dir='ltr'><strong>constat</strong></span> <span class='ocrx_word' id='word_1_156' title='bbox 610 2455 770 2520; x_wconf 89' lang='lat' dir='ltr'><strong>sententia</strong></span> <span class='ocrx_word' id='word_1_157' title='bbox 786 2477 837 2520; x_wconf 89' lang='lat' dir='ltr'><strong>vv.</strong></span> <span class='ocrx_word' id='word_1_158' title='bbox 857 2459 917 2519; x_wconf 89' lang='grc'><strong>143</strong></span> <span class='ocrx_word' id='word_1_159' title='bbox 936 2475 1004 2537; x_wconf 90' lang='lat' dir='ltr'><strong>sqq.</strong></span> <span class='ocrx_word' id='word_1_160' title='bbox 1035 2454 1177 2536; x_wconf 85' lang='lat' dir='ltr'><strong>Apollini</strong></span> <span class='ocrx_word' id='word_1_161' title='bbox 1194 2459 1310 2539; x_wconf 85' lang='lat' dir='ltr'><strong>autem,</strong></span> 
     </span>
     <span class='ocr_line' id='line_1_20' title="bbox 198 2543 1310 2645; baseline 0.001 -21"><span class='ocrx_word' id='word_1_162' title='bbox 198 2561 253 2643; x_wconf 91' lang='lat' dir='ltr'><strong>qui</strong></span> <span class='ocrx_word' id='word_1_163' title='bbox 269 2581 320 2626; x_wconf 88' lang='grc'><strong>11.</strong></span> <span class='ocrx_word' id='word_1_164' title='bbox 340 2564 400 2626; x_wconf 87' lang='grc'><strong>137</strong></span> <span class='ocrx_word' id='word_1_165' title='bbox 417 2581 463 2643; x_wconf 86' lang='lat' dir='ltr'><strong>sq.</strong></span> <span class='ocrx_word' id='word_1_166' title='bbox 498 2560 635 2627; x_wconf 87' lang='lat' dir='ltr'><strong>Veneris</strong></span> <span class='ocrx_word' id='word_1_167' title='bbox 651 2561 802 2626; x_wconf 88' lang='lat' dir='ltr'><strong>militiam</strong></span> <span class='ocrx_word' id='word_1_168' title='bbox 818 2561 986 2645; x_wconf 91' lang='lat' dir='ltr'><strong>Propertio</strong></span> <span class='ocrx_word' id='word_1_169' title='bbox 1003 2543 1127 2644; x_wconf 88' lang='lat' dir='ltr'><strong>indicit,</strong></span> <span class='ocrx_word' id='word_1_170' title='bbox 1144 2565 1238 2627; x_wconf 89' lang='lat' dir='ltr'><strong>unice</strong></span> <span class='ocrx_word' id='word_1_171' title='bbox 1255 2560 1310 2626; x_wconf 88' lang='lat' dir='ltr'><strong>ad-</strong></span> 
     </span>
     <span class='ocr_line' id='line_1_21' title="bbox 197 2664 1310 2752; baseline 0.001 -19"><span class='ocrx_word' id='word_1_172' title='bbox 197 2668 294 2733; x_wconf 85' lang='lat' dir='ltr'><strong>scribi</strong></span> <span class='ocrx_word' id='word_1_173' title='bbox 317 2673 421 2752; x_wconf 88' lang='lat' dir='ltr'><strong>potcst</strong></span> <span class='ocrx_word' id='word_1_174' title='bbox 443 2667 523 2732; x_wconf 90' lang='lat' dir='ltr'><strong>illud</strong></span> <span class='ocrx_word' id='word_1_175' title='bbox 546 2667 587 2733; x_wconf 88' lang='lat' dir='ltr'><strong>de</strong></span> <span class='ocrx_word' id='word_1_176' title='bbox 612 2688 756 2733; x_wconf 87' lang='lat' dir='ltr'><strong>amorum</strong></span> <span class='ocrx_word' id='word_1_177' title='bbox 788 2673 861 2752; x_wconf 90' lang='lat' dir='ltr'><strong>post</strong></span> <span class='ocrx_word' id='word_1_178' title='bbox 889 2688 1014 2735; x_wconf 88' lang='lat' dir='ltr'><strong>amores</strong></span> <span class='ocrx_word' id='word_1_179' title='bbox 1038 2664 1310 2750; x_wconf 86' lang='lat' dir='ltr'><strong>redintegratione</strong></span> 
     </span>
     <span class='ocr_line' id='line_1_22' title="bbox 197 2773 1398 2859; baseline -0.001 -20"><span class='ocrx_word' id='word_1_180' title='bbox 197 2774 394 2859; x_wconf 87' lang='lat' dir='ltr'><strong>vaticinium,</strong></span> <span class='ocrx_word' id='word_1_181' title='bbox 409 2774 462 2841; x_wconf 87' lang='lat' dir='ltr'><strong>vel</strong></span> <span class='ocrx_word' id='word_1_182' title='bbox 470 2780 599 2858; x_wconf 88' lang='lat' dir='ltr'><strong>propter</strong></span> <span class='ocrx_word' id='word_1_183' title='bbox 608 2775 784 2842; x_wconf 88' lang='lat' dir='ltr'><strong>orationem</strong></span> <span class='ocrx_word' id='word_1_184' title='bbox 793 2774 973 2859; x_wconf 84' lang='lat' dir='ltr'><strong>figuratam,</strong></span> <span class='ocrx_word' id='word_1_185' title='bbox 989 2773 1212 2840; x_wconf 88' lang='lat' dir='ltr'><strong>abhorrentem</strong></span> <span class='ocrx_word' id='word_1_186' title='bbox 1221 2775 1310 2838; x_wconf 90' lang='lat' dir='ltr'><strong>illam</strong></span> <span class='ocrx_word' id='word_1_187' title='bbox 1395 2791 1398 2797; x_wconf 86' lang='lat'>·</span> 
     </span>
     <span class='ocr_line' id='line_1_23' title="bbox 197 2880 1310 2965; baseline 0 -19"><span class='ocrx_word' id='word_1_188' title='bbox 197 2880 328 2964; x_wconf 90' lang='lat' dir='ltr'><strong>quidem</strong></span> <span class='ocrx_word' id='word_1_189' title='bbox 344 2901 364 2945; x_wconf 90' lang='lat' dir='ltr'><strong>a</strong></span> <span class='ocrx_word' id='word_1_190' title='bbox 380 2881 519 2965; x_wconf 86' lang='lat' dir='ltr'><strong>simplici</strong></span> <span class='ocrx_word' id='word_1_191' title='bbox 536 2881 665 2948; x_wconf 87' lang='lat' dir='ltr'><strong>dicendi</strong></span> <span class='ocrx_word' id='word_1_192' title='bbox 681 2901 801 2965; x_wconf 82' lang='lat' dir='ltr'><strong>genere</strong></span> <span class='ocrx_word' id='word_1_193' title='bbox 818 2903 880 2965; x_wconf 93' lang='lat' dir='ltr'><strong>quo</strong></span> <span class='ocrx_word' id='word_1_194' title='bbox 897 2881 931 2944; x_wconf 91' lang='lat' dir='ltr'><strong>in</strong></span> <span class='ocrx_word' id='word_1_195' title='bbox 945 2881 1217 2947; x_wconf 88' lang='lat' dir='ltr'><strong>ceterisversibus</strong></span> <span class='ocrx_word' id='word_1_196' title='bbox 1235 2902 1310 2948; x_wconf 91' lang='lat' dir='ltr'><strong>usus</strong></span> 
     </span>
     <span class='ocr_line' id='line_1_24' title="bbox 197 2986 1311 3072; baseline -0.003 -18"><span class='ocrx_word' id='word_1_197' title='bbox 197 2993 245 3054; x_wconf 90' lang='lat' dir='ltr'><strong>est</strong></span> <span class='ocrx_word' id='word_1_198' title='bbox 260 2987 449 3071; x_wconf 82' lang='lat' dir='ltr'><strong>astrologus.</strong></span> <span class='ocrx_word' id='word_1_199' title='bbox 497 3007 574 3071; x_wconf 84' lang='lat' dir='ltr'><strong>ergo</strong></span> <span class='ocrx_word' id='word_1_200' title='bbox 591 3010 642 3054; x_wconf 88' lang='lat' dir='ltr'><strong>vv.</strong></span> <span class='ocrx_word' id='word_1_201' title='bbox 668 2993 725 3052; x_wconf 88' lang='grc'><strong>141</strong></span> <span class='ocrx_word' id='word_1_202' title='bbox 746 3009 792 3071; x_wconf 87' lang='lat' dir='ltr'><strong>sq.</strong></span> <span class='ocrx_word' id='word_1_203' title='bbox 808 2994 880 3072; x_wconf 90' lang='lat' dir='ltr'><strong>post</strong></span> <span class='ocrx_word' id='word_1_204' title='bbox 895 3009 924 3054; x_wconf 93' lang='grc'><strong>1.</strong></span> <span class='ocrx_word' id='word_1_205' title='bbox 945 2991 1004 3052; x_wconf 89' lang='grc'><strong>138</strong></span> <span class='ocrx_word' id='word_1_206' title='bbox 1022 2986 1222 3070; x_wconf 86' lang='lat' dir='ltr'><strong>adiungendi</strong></span> <span class='ocrx_word' id='word_1_207' title='bbox 1238 2993 1311 3052; x_wconf 90' lang='lat' dir='ltr'><strong>sunt</strong></span> 
     </span>
     <span class='ocr_line' id='line_1_25' title="bbox 196 3092 1310 3179; baseline 0.002 -21"><span class='ocrx_word' id='word_1_208' title='bbox 196 3095 337 3177; x_wconf 91' lang='lat' dir='ltr'><strong>reposita</strong></span> <span class='ocrx_word' id='word_1_209' title='bbox 351 3115 409 3178; x_wconf 93' lang='lat' dir='ltr'><strong>pro</strong></span> <span class='ocrx_word' id='word_1_210' title='bbox 426 3105 453 3158; x_wconf 84' lang='grc'><strong>11</strong></span> <span class='ocrx_word' id='word_1_211' title='bbox 467 3094 626 3179; x_wconf 84' lang='lat' dir='ltr'><strong>particula</strong></span> <span class='ocrx_word' id='word_1_212' title='bbox 641 3115 720 3161; x_wconf 89' lang='lat' dir='ltr'><strong>voce</strong></span> <span class='ocrx_word' id='word_1_213' title='bbox 737 3101 770 3160; x_wconf 83' lang='grc'><strong>11.</strong></span> <span class='ocrx_word' id='word_1_214' title='bbox 787 3132 829 3142; x_wconf 82' lang='grc'><strong>-·</strong></span> <span class='ocrx_word' id='word_1_215' title='bbox 846 3093 903 3160; x_wconf 90' lang='lat' dir='ltr'><strong>scd</strong></span> <span class='ocrx_word' id='word_1_216' title='bbox 919 3094 1000 3160; x_wconf 88' lang='lat' dir='ltr'><strong>haec</strong></span> <span class='ocrx_word' id='word_1_217' title='bbox 1010 3092 1142 3177; x_wconf 85' lang='lat' dir='ltr'><strong>quidem</strong></span> <span class='ocrx_word' id='word_1_218' title='bbox 1157 3094 1310 3160; x_wconf 89' lang='lat' dir='ltr'><strong>hactenus</strong></span> 
     </span>
     <span class='ocr_line' id='line_1_26' title="bbox 197 3199 628 3286; baseline 0.009 -22"><span class='ocrx_word' id='word_1_219' title='bbox 197 3199 237 3265; x_wconf 89' lang='lat' dir='ltr'><strong>dc</strong></span> <span class='ocrx_word' id='word_1_220' title='bbox 254 3201 400 3267; x_wconf 89' lang='lat' dir='ltr'><strong>versibus</strong></span> <span class='ocrx_word' id='word_1_221' title='bbox 417 3202 628 3286; x_wconf 87' lang='lat' dir='ltr'><strong>transpositis.</strong></span> 
     </span>
    </p>

    <p class='ocr_par' dir='ltr' id='par_1_3' title="bbox 196 3304 1310 3711">
     <span class='ocr_line' id='line_1_27' title="bbox 284 3304 1310 3393; baseline -0.002 -22"><span class='ocrx_word' id='word_1_222' title='bbox 284 3306 604 3393; x_wconf 64' lang='lat' dir='ltr'><strong>somniantem,</strong></span> <span class='ocrx_word' id='word_1_223' title='bbox 633 3307 704 3373; x_wconf 91' lang='lat' dir='ltr'><strong>ubi</strong></span> <span class='ocrx_word' id='word_1_224' title='bbox 728 3308 805 3374; x_wconf 91' lang='lat' dir='ltr'><strong>alii</strong></span> <span class='ocrx_word' id='word_1_225' title='bbox 829 3327 979 3374; x_wconf 84' lang='lat' dir='ltr'><strong>versus</strong></span> <span class='ocrx_word' id='word_1_226' title='bbox 1004 3328 1022 3373; x_wconf 88' lang='lat' dir='ltr'><strong>c</strong></span> <span class='ocrx_word' id='word_1_227' title='bbox 1046 3327 1123 3372; x_wconf 86' lang='lat' dir='ltr'><strong>sua</strong></span> <span class='ocrx_word' id='word_1_228' title='bbox 1147 3304 1310 3371; x_wconf 85' lang='lat' dir='ltr'><strong>s&#39;edein</strong></span> 
     </span>
     <span class='ocr_line' id='line_1_28' title="bbox 196 3413 1310 3500; baseline 0 -23"><span class='ocrx_word' id='word_1_229' title='bbox 196 3413 693 3500; x_wconf 82' lang='lat' dir='ltr'><strong>falsamtransmigrant‚</strong></span> <span class='ocrx_word' id='word_1_230' title='bbox 717 3416 793 3480; x_wconf 88' lang='lat' dir='ltr'><strong>alii</strong></span> <span class='ocrx_word' id='word_1_231' title='bbox 811 3415 935 3482; x_wconf 92' lang='lat' dir='ltr'><strong>simul</strong></span> <span class='ocrx_word' id='word_1_232' title='bbox 959 3414 1109 3480; x_wconf 88' lang='lat' dir='ltr'><strong>omitti.</strong></span> <span class='ocrx_word' id='word_1_233' title='bbox 1156 3413 1246 3478; x_wconf 92' lang='lat' dir='ltr'><strong>cuius</strong></span> <span class='ocrx_word' id='word_1_234' title='bbox 1263 3413 1310 3478; x_wconf 93' lang='lat' dir='ltr'><strong>rci</strong></span> 
     </span>
     <span class='ocr_line' id='line_1_29' title="bbox 196 3519 1310 3606; baseline 0 -22"><span class='ocrx_word' id='word_1_235' title='bbox 196 3519 334 3602; x_wconf 87' lang='lat' dir='ltr'><strong>primum</strong></span> <span class='ocrx_word' id='word_1_236' title='bbox 357 3520 513 3586; x_wconf 87' lang='lat' dir='ltr'><strong>habemus</strong></span> <span class='ocrx_word' id='word_1_237' title='bbox 538 3522 720 3606; x_wconf 81' lang='lat' dir='ltr'><strong>exemplum</strong></span> <span class='ocrx_word' id='word_1_238' title='bbox 743 3523 781 3606; x_wconf 80' lang='lat' dir='ltr'><strong>V,</strong></span> <span class='ocrx_word' id='word_1_239' title='bbox 806 3527 824 3587; x_wconf 90' lang='lat'>3</span> <span class='ocrx_word' id='word_1_240' title='bbox 849 3543 900 3588; x_wconf 88' lang='lat' dir='ltr'><strong>vv.</strong></span> <span class='ocrx_word' id='word_1_241' title='bbox 926 3525 965 3586; x_wconf 88' lang='grc'><strong>43</strong></span> <span class='ocrx_word' id='word_1_242' title='bbox 984 3558 1027 3568; x_wconf 88' lang='grc'>-</span> <span class='ocrx_word' id='word_1_243' title='bbox 1041 3525 1092 3586; x_wconf 81' lang='grc'><strong>52.</strong></span> <span class='ocrx_word' id='word_1_244' title='bbox 1138 3526 1234 3604; x_wconf 85' lang='lat' dir='ltr'><strong>atquc</strong></span> <span class='ocrx_word' id='word_1_245' title='bbox 1258 3541 1310 3586; x_wconf 88' lang='grc'><strong>11.</strong></span> 
     </span>
     <span class='ocr_line' id='line_1_30' title="bbox 197 3631 320 3711; baseline 0 -21"><span class='ocrx_word' id='word_1_246' title='bbox 197 3631 238 3692; x_wconf 88' lang='grc'><strong>49</strong></span> <span class='ocrx_word' id='word_1_247' title='bbox 256 3647 320 3711; x_wconf 81' lang='lat' dir='ltr'><strong>sq:</strong></span> 
     </span>
    </p>

    <p class='ocr_par' dir='ltr' id='par_1_4' title="bbox 333 3739 1171 3925">
     <span class='ocr_line' id='line_1_31' title="bbox 333 3739 1171 3817; baseline 0 -19"><span class='ocrx_word' id='word_1_248' title='bbox 333 3739 424 3798; x_wconf 81' lang='grc'>1111111</span> <span class='ocrx_word' id='word_1_249' title='bbox 440 3755 525 3798; x_wconf 82' lang='lat' dir='ltr'><strong>umor</strong></span> <span class='ocrx_word' id='word_1_250' title='bbox 538 3755 672 3815; x_wconf 73' lang='lat' dir='ltr'><strong>mopsus,</strong></span> <span class='ocrx_word' id='word_1_251' title='bbox 687 3740 741 3799; x_wconf 79' lang='lat' dir='ltr'><strong>scd</strong></span> <span class='ocrx_word' id='word_1_252' title='bbox 755 3745 858 3817; x_wconf 82' lang='lat' dir='ltr'><strong>operto</strong></span> <span class='ocrx_word' id='word_1_253' title='bbox 874 3741 905 3798; x_wconf 81' lang='grc'><strong>111</strong></span> <span class='ocrx_word' id='word_1_254' title='bbox 921 3740 1044 3814; x_wconf 63' lang='lat' dir='ltr'><strong>cosinae</strong></span> <span class='ocrx_word' id='word_1_255' title='bbox 1060 3741 1171 3798; x_wconf 76' lang='lat' dir='ltr'><strong>molor:</strong></span> 
     </span>
     <span class='ocr_line' id='line_1_32' title="bbox 408 3847 1091 3925; baseline 0 -19"><span class='ocrx_word' id='word_1_256' title='bbox 408 3848 486 3907; x_wconf 83' lang='grc'>111111</span> <span class='ocrx_word' id='word_1_257' title='bbox 507 3847 610 3920; x_wconf 79' lang='lat' dir='ltr'><strong>Venus,</strong></span> <span class='ocrx_word' id='word_1_258' title='bbox 625 3848 756 3925; x_wconf 83' lang='grc'>11111111,</span> <span class='ocrx_word' id='word_1_259' title='bbox 779 3849 898 3907; x_wconf 81' lang='grc'>1111111111</span> <span class='ocrx_word' id='word_1_260' title='bbox 912 3848 978 3924; x_wconf 69' lang='lat' dir='ltr'><strong>qma</strong></span> <span class='ocrx_word' id='word_1_261' title='bbox 990 3847 1091 3920; x_wconf 82' lang='lat' dir='ltr'><strong>focem</strong></span> 
     </span>
    </p>

    <p class='ocr_par' dir='ltr' id='par_1_5' title="bbox 195 3946 1310 4459">
     <span class='ocr_line' id='line_1_33' title="bbox 195 3946 1310 4032; baseline 0 -22"><span class='ocrx_word' id='word_1_262' title='bbox 195 3946 286 4032; x_wconf 86' lang='lat' dir='ltr'><strong>hanc,</strong></span> <span class='ocrx_word' id='word_1_263' title='bbox 304 3953 336 4012; x_wconf 93' lang='lat' dir='ltr'><strong>ut</strong></span> <span class='ocrx_word' id='word_1_264' title='bbox 352 3948 418 4013; x_wconf 91' lang='lat' dir='ltr'><strong>iam</strong></span> <span class='ocrx_word' id='word_1_265' title='bbox 434 3947 638 4014; x_wconf 85' lang='lat' dir='ltr'><strong>Passeratius</strong></span> <span class='ocrx_word' id='word_1_266' title='bbox 655 3948 747 4031; x_wconf 83' lang='lat' dir='ltr'><strong>vidit,</strong></span> <span class='ocrx_word' id='word_1_267' title='bbox 770 3948 932 4013; x_wconf 86' lang='lat' dir='ltr'><strong>continent</strong></span> <span class='ocrx_word' id='word_1_268' title='bbox 948 3947 1153 4013; x_wconf 87' lang='lat' dir='ltr'><strong>sententiam:</strong></span> <span class='ocrx_word' id='word_1_269' title='bbox 1184 3967 1310 4012; x_wconf 88' lang='lat' dir='ltr'><strong>omnem</strong></span> 
     </span>
     <span class='ocr_line' id='line_1_34' title="bbox 196 4052 1309 4138; baseline 0 -22"><span class='ocrx_word' id='word_1_270' title='bbox 196 4074 337 4120; x_wconf 88' lang='lat' dir='ltr'><strong>amorem</strong></span> <span class='ocrx_word' id='word_1_271' title='bbox 354 4075 507 4138; x_wconf 82' lang='lat' dir='ltr'><strong>magnum</strong></span> <span class='ocrx_word' id='word_1_272' title='bbox 524 4075 604 4138; x_wconf 83' lang='lat' dir='ltr'><strong>esse,</strong></span> <span class='ocrx_word' id='word_1_273' title='bbox 621 4054 679 4120; x_wconf 91' lang='lat' dir='ltr'><strong>scd</strong></span> <span class='ocrx_word' id='word_1_274' title='bbox 694 4055 852 4120; x_wconf 87' lang='lat' dir='ltr'><strong>maiorem</strong></span> <span class='ocrx_word' id='word_1_275' title='bbox 868 4053 978 4119; x_wconf 85' lang='lat' dir='ltr'><strong>uxoris</strong></span> <span class='ocrx_word' id='word_1_276' title='bbox 993 4052 1028 4118; x_wconf 94' lang='lat' dir='ltr'><strong>in</strong></span> <span class='ocrx_word' id='word_1_277' title='bbox 1043 4052 1190 4137; x_wconf 83' lang='lat' dir='ltr'><strong>coniuge,</strong></span> <span class='ocrx_word' id='word_1_278' title='bbox 1214 4075 1309 4136; x_wconf 89' lang='lat' dir='ltr'><strong>quam</strong></span> 
     </span>
     <span class='ocr_line' id='line_1_35' title="bbox 196 4161 1309 4245; baseline -0.003 -19"><span class='ocrx_word' id='word_1_279' title='bbox 196 4162 368 4236; x_wconf 81' lang='grc'>1111111111</span> <span class='ocrx_word' id='word_1_280' title='bbox 384 4167 528 4226; x_wconf 86' lang='lat' dir='ltr'><strong>amatore</strong></span> <span class='ocrx_word' id='word_1_281' title='bbox 544 4182 696 4226; x_wconf 89' lang='lat' dir='ltr'><strong>amorem.</strong></span> <span class='ocrx_word' id='word_1_282' title='bbox 742 4180 847 4244; x_wconf 91' lang='lat' dir='ltr'><strong>neque</strong></span> <span class='ocrx_word' id='word_1_283' title='bbox 864 4161 1055 4226; x_wconf 88' lang='lat' dir='ltr'><strong>coniecturis</strong></span> <span class='ocrx_word' id='word_1_284' title='bbox 1079 4181 1158 4245; x_wconf 91' lang='lat' dir='ltr'><strong>opus</strong></span> <span class='ocrx_word' id='word_1_285' title='bbox 1176 4166 1225 4225; x_wconf 91' lang='lat' dir='ltr'><strong>est</strong></span> <span class='ocrx_word' id='word_1_286' title='bbox 1241 4161 1309 4242; x_wconf 90' lang='lat' dir='ltr'><strong>qui-</strong></span> 
     </span>
     <span class='ocr_line' id='line_1_36' title="bbox 197 4265 1309 4348; baseline -0.002 -17"><span class='ocrx_word' id='word_1_287' title='bbox 197 4267 254 4332; x_wconf 91' lang='lat' dir='ltr'><strong>bus</strong></span> <span class='ocrx_word' id='word_1_288' title='bbox 270 4267 328 4334; x_wconf 92' lang='lat' dir='ltr'><strong>hos</strong></span> <span class='ocrx_word' id='word_1_289' title='bbox 344 4288 457 4333; x_wconf 87' lang='lat' dir='ltr'><strong>versus</strong></span> <span class='ocrx_word' id='word_1_290' title='bbox 474 4267 575 4333; x_wconf 90' lang='lat' dir='ltr'><strong>critici</strong></span> <span class='ocrx_word' id='word_1_291' title='bbox 591 4272 757 4333; x_wconf 85' lang='lat' dir='ltr'><strong>vexarunt.</strong></span> <span class='ocrx_word' id='word_1_292' title='bbox 788 4266 884 4332; x_wconf 91' lang='lat' dir='ltr'><strong>huius</strong></span> <span class='ocrx_word' id='word_1_293' title='bbox 897 4273 1004 4332; x_wconf 89' lang='lat' dir='ltr'><strong>autem</strong></span> <span class='ocrx_word' id='word_1_294' title='bbox 1022 4266 1198 4333; x_wconf 84' lang='lat' dir='ltr'><strong>sentcntiae</strong></span> <span class='ocrx_word' id='word_1_295' title='bbox 1215 4265 1309 4348; x_wconf 89' lang='lat' dir='ltr'><strong>quale</strong></span> 
     </span>
     <span class='ocr_line' id='line_1_37' title="bbox 195 4372 944 4459; baseline -0.003 -21"><span class='ocrx_word' id='word_1_296' title='bbox 195 4374 325 4440; x_wconf 87' lang='lat' dir='ltr'><strong>taudem</strong></span> <span class='ocrx_word' id='word_1_297' title='bbox 341 4374 556 4440; x_wconf 90' lang='lat' dir='ltr'><strong>testimonium</strong></span> <span class='ocrx_word' id='word_1_298' title='bbox 572 4372 738 4459; x_wconf 84' lang='lat' dir='ltr'><strong>proferunt</strong></span> <span class='ocrx_word' id='word_1_299' title='bbox 753 4394 803 4439; x_wconf 92' lang='grc'><strong>11.</strong></span> <span class='ocrx_word' id='word_1_300' title='bbox 823 4380 860 4440; x_wconf 84' lang='grc'><strong>51</strong></span> <span class='ocrx_word' id='word_1_301' title='bbox 881 4394 944 4456; x_wconf 90' lang='lat' dir='ltr'><strong>sq:</strong></span> 
     </span>
    </p>
   </div>
   <div class='ocr_carea' id='block_1_3' title="bbox 0 0 1634 5168">
    <p class='ocr_par' dir='ltr' id='par_1_6' title="bbox 0 0 1634 5168">
     <span class='ocr_line' id='line_1_38' title="bbox 0 0 1634 5168; baseline 0 0"><span class='ocrx_word' id='word_1_302' title='bbox 0 0 1634 5168; x_wconf 95' lang='lat' dir='ltr'><strong> </strong></span> 
     </span>
    </p>
   </div>
  </div>
 </body>
</html>
