3258 5168
834 391 876 452 40

298 564 518 647 namlustrari,
534 564 561 629 si
570 563 792 649 proptcrhanc
808 582 877 628 rem
894 564 1049 648 degressa
1066 572 1143 642 erat,
1159 565 1250 631 brevi
1267 565 1407 651 prolecto

298 677 442 754 tempore
450 671 564 756 potuit,
579 670 754 736 sinVestac
760 691 878 754 aquam
884 671 1024 756 petitura
1033 679 1157 756 eratne
1165 671 1406 754 debuitquidcm

299 779 476 846 cunctando
492 779 565 843 huic
581 777 684 843 officio
700 777 824 844 deesse.
863 800 959 864 porro
976 779 1003 845 si
1019 799 1039 842 a
1054 778 1183 844 flumine
1200 779 1295 844 rediit
1310 779 1408 862 rirgo,

298 892 468 972 postquam
485 892 540 950 aut
557 905 658 967 aquas
674 885 780 950 hausit
796 890 851 948 aut
866 885 1002 951 lustrata
1018 892 1075 970 est,
1092 906 1153 968 quo
1170 885 1288 950 lactum
1303 891 1360 970 cst,
1375 892 1409 948 ut

298 993 331 1057 in
348 993 402 1058 via
417 993 547 1058 hirsutis
565 991 652 1056 rubis
668 991 817 1057 bracchia
833 989 1004 1057 laederet?
1048 1013 1089 1058 an
1112 1000 1178 1057 tam
1195 994 1324 1078 spinosa
1340 997 1410 1056 erat

298 1101 361 1184 via,
385 1106 503 1164 utnon
526 1095 827 1184 posselvquisquam
855 1097 983 1182 ingredi
1007 1119 1087 1182 eam,
1118 1099 1180 1164 nisi
1205 1104 1239 1163 ut
1262 1098 1410 1163 bracchia

298 1206 386 1270 rubis
402 1203 585 1270 laceraret?
617 1226 635 1268 o
652 1204 803 1270 miseram
812 1204 988 1289 Tarpeiam
1006 1225 1090 1288 quae
1107 1203 1233 1290 cotidie,
1247 1210 1282 1268 ut
1290 1205 1409 1269 Vestae

299 1317 427 1394 aquam'
447 1311 572 1395 libaret,
602 1309 644 1375 ad
674 1311 778 1377 fontes
810 1310 966 1394 degressa
996 1311 1093 1378 rediit
1123 1313 1156 1376 in
1187 1331 1292 1376 arcem
1313 1310 1409 1377 sectis

298 1417 473 1483 bracchiis!
494 1418 600 1502 immo,
609 1417 636 1484 si
647 1416 832 1503 quidvideo,
841 1419 949 1502 aliquo
959 1418 1012 1484 die
1021 1420 1220 1504 puellamvel
1229 1425 1263 1483 ut
1272 1419 1409 1484 amicum

277 1603 278 1608 .
299 1524 425 1591 videret
456 1524 506 1589 vel
537 1524 602 1588 alia
632 1523 673 1589 de
705 1543 803 1590 causa
829 1525 863 1589 in
887 1525 1052 1611 planitiem
1073 1526 1259 1610 degressum
1283 1525 1410 1610 aspexit

298 1632 421 1716 Tatius,
437 1637 504 1696 tum
521 1630 707 1714 fugientem,
724 1630 799 1714 quia
815 1631 918 1716 pudor
933 1631 1074 1697 nondum
1091 1632 1192 1698 omnis
1208 1632 1255 1696 illi
1272 1631 1409 1697 exstinc-

298 1745 349 1804 tus
374 1743 451 1822 erat,
481 1742 667 1822 persecutus
696 1757 716 1802 a
739 1736 794 1804 via
816 1738 849 1802 in
872 1738 968 1804 rubos
999 1739 1134 1824 impulit.
1186 1736 1280 1804 huius
1304 1743 1409 1804 autem

298 1845 491 1910 narrationis
515 1849 589 1909 ante
612 1866 641 1909 r.
666 1849 706 1908 27
732 1844 871 1910 omissae
902 1867 959 1926 quc
981 1845 1138 1930 particula
1163 1846 1259 1910 ctiam
1284 1845 1410 1928 signum
1479 1853 1481 1857 “

300 1956 364 2034 est3
393 1971 457 2033 qua
479 1971 562 2015 nuno
582 1956 649 2014 tam
674 1949 822 2015 diversae
845 1971 897 2016 res
915 1951 1026 2034 quales
1043 1973 1092 2016 vv.
1109 1955 1150 2016 23
1168 1971 1237 2034 sqq.
1254 1941 1286 2016 et
1301 1972 1351 2017 vv.
1369 1956 1409 2014 27

299 2078 368 2139 sqq.
390 2062 561 2120 narrantur
584 2055 785 2141 ineptissime
810 2057 1075 2139 conglutinantur.
1114 2063 1285 2142 praeterea
1313 2057 1410 2122 etiam
1454 2069 1457 2072 ·

301 2163 462 2248 Tarpeiae
479 2163 588 2246 oratio,
608 2163 641 2227 ni
661 2161 763 2246 fallor,
786 2161 868 2227 hanc
885 2163 1098 2228 coniecturam
1115 2162 1323 2228 commendat.
1369 2183 1411 2227 an

298 2269 473 2355 Tarpeiam
489 2269 562 2335 illas
579 2270 738 2352 querellas
761 2268 809 2334 sio
824 2274 945 2334 temere
970 2268 1122 2335 effudisse
1138 2270 1337 2353 probabilius
1353 2274 1411 2352 est,

297 2398 394 2460 quam
419 2383 507 2442 certa
530 2377 641 2459 aliqua
663 2396 698 2441 re
729 2374 875 2441 motam?
931 2376 1043 2458 quodsi
1072 2377 1230 2462 posterior
1253 2375 1412 2442 sententia

297 2490 450 2570 praestat,
467 2482 544 2566 quid
560 2483 765 2549 verisimilius
783 2488 832 2548 est
847 2502 943 2567 quam
960 2503 1031 2549 eam
1051 2484 1159 2567 aliquo
1176 2483 1264 2572 Tatii
1287 2483 1410 2567 impetu

298 2591 469 2656 excitatam
486 2589 582 2657 esse?
614 2588 656 2653 ad
672 2589 761 2653 illam
779 2595 886 2680 autem
903 2590 1119 2656 narrationem
1135 2590 1296 2675 pertinent
1312 2587 1410 2655 etiam

297 2720 347 2763 vv.
365 2703 402 2762 71
423 2719 478 2782 sq,
502 2702 536 2761 ut
559 2717 642 2761 nuno
665 2701 811 2781 apparet,
827 2695 873 2761 ita
888 2695 1050 2762 inserendi
1074 2703 1149 2762 autc
1166 2718 1194 2761 v.
1211 2701 1262 2779 27,
1285 2699 1410 2759 utente

296 2805 385 2890 ipsos
402 2805 536 2869 lacunae
561 2803 689 2885 signum
713 2808 858 2887 ponatur.
896 2803 1017 2869 scilicet
1033 2803 1161 2868 Tatium
1185 2803 1314 2886 fugiens
1331 2803 1410 2864 Tar-

297 2913 374 2997 peia
390 2910 528 2976 cucurrit
543 2909 631 2975 velut
647 2907 837 2994 Strymonis.

385 3017 469 3081 Hinc
484 3015 730 3102 progrediamur
746 3015 788 3080 ad
804 3016 842 3101 V,
860 3023 877 3080 7
896 3036 945 3082 vv.
962 3020 1002 3081 35
1014 3019 1125 3098 —383
1148 3037 1227 3098 quos
1251 3016 1318 3079 iam
1334 3012 1409 3079 Sca-

297 3125 379 3209 liger
404 3123 509 3188 alieno
533 3123 601 3187 loco
623 3121 699 3188 ferri
716 3120 803 3186 vidit.
849 3142 948 3205 quare
965 3123 1050 3187 enim
1068 3121 1186 3187 factum
1205 3128 1262 3206 est,
1278 3127 1313 3185 ut
1327 3121 1411 3186 inter

265 3286 267 3289 ,
298 3229 459 3314 querellas
483 3228 598 3311 quibus
615 3249 666 3294 vv.
687 3232 724 3293 13
738 3232 828 3293 -50
845 3227 1048 3312 Propertium
1073 3229 1179 3294 obruit
1203 3226 1343 3312 Cynthia
1358 3247 1409 3292 su-

297 3338 363 3402 bito
388 3334 524 3400 eundem
552 3334 785 3419 adhortaretur,
813 3339 847 3398 ut
879 3355 989 3400 servos
1023 3335 1133 3401 mortis
1163 3355 1240 3400 suae
1264 3339 1413 3399 auctores

298 3440 480 3509 cruciaret?
516 3448 606 3506 atne
623 3441 668 3505 ibi
685 3441 814 3523 quidem
831 3461 894 3524 quo
911 3461 964 3506 eos
988 3441 1150 3507 transtulit
1165 3439 1320 3524 Scaliger,
1340 3444 1412 3523 post

298 3573 326 3614 v.
344 3555 384 3615 46
401 3550 505 3614 locum
522 3569 613 3614 suum
630 3546 813 3613 defendunt.
850 3546 907 3613 sed
924 3548 1115 3614 coniunctivi
1131 3557 1237 3612 aratur
1252 3553 1413 3612 candescat

298 3664 380 3723 tollat
401 3653 619 3720 demonstrant
641 3652 873 3738 mandatorum,
897 3673 980 3737 quae
1004 3652 1116 3720 indea
1136 3674 1162 3720 v.
1183 3659 1221 3717 71
1249 3673 1284 3719 se
1309 3653 1412 3717 amieo

299 3761 445 3828 daturam
462 3781 534 3826 esse
550 3761 737 3846 pronuntiat
754 3759 900 3845 Cynthia,
924 3759 1004 3826 haec
1029 3767 1154 3846 partem
1179 3760 1322 3842 aliquam
1346 3757 1411 3824 effi-

298 3889 380 3936 cere.
410 3868 562 3952 itaqueut
578 3868 697 3953 probas
706 3887 816 3932 servas
827 3873 888 3946 (vv.
900 3871 939 3932 73
953 3905 990 3912 -
1004 3871 1065 3942 76.)
1075 3871 1228 3949 sequatur
1243 3863 1412 3930 infidorum

298 3996 411 4060 poena,
428 3981 500 4061 post
515 3996 544 4039 v.
554 3979 594 4040 76
605 3973 743 4039 disticha
763 3973 820 4038 illa
835 3973 1013 4038 reiciemus.
1044 3978 1185 4038 ceterum
1200 3970 1252 4037 his
1269 3971 1412 4056 expulsis

298 4083 380 4147 inter
405 4103 432 4146 v.
463 4086 504 4146 34
529 4087 560 4146 et
589 4104 618 4146 v.
641 4085 680 4146 39
711 4079 891 4146 accuratius
917 4079 1112 4165 descriptam
1143 4078 1243 4146 fuisse
1268 4079 1413 4163 suspicor

299 4209 415 4254 novam
431 4188 577 4270 amicam,
601 4185 642 4252 de
666 4207 732 4270 qua
752 4191 824 4252 sunt
848 4207 899 4251 vv.
917 4191 957 4253 39
975 4207 1043 4268 sqq.
1089 4207 1163 4252 nam
1186 4186 1237 4251 vel
1261 4185 1413 4250 transitus

299 4317 327 4360 v.
346 4299 386 4360 39
404 4315 424 4358 a
444 4292 530 4359 foedi
547 4291 668 4358 funeris
694 4292 939 4358 adumbratione
965 4298 1025 4372 (vr.
1051 4297 1091 4357 23
1108 4331 1148 4340 -
1166 4296 1229 4373 34.)
1254 4291 1296 4358 ad
1324 4291 1413 4355 illam
