3226 5162
848 371 889 434 88

252 590 254 594 .
309 569 384 616 esse
401 569 422 612 a
438 554 536 633 poeta
551 567 649 633 supra
665 545 805 611 diximus
820 551 953 631 propter
976 565 1073 610 earm.
1088 547 1146 630 III,
1175 550 1222 610 10.
1267 546 1301 611 id
1317 553 1428 614 autem

306 679 372 724 non
388 655 569 722 absolutum
586 655 628 720 ab
645 653 760 720 eodem
776 651 937 718 abieetum
954 672 1025 718 esse
1041 653 1139 739 paulo
1155 658 1230 718 ante
1246 673 1274 718 a
1284 657 1347 720 738
1358 659 1427 733 (16)

307 764 415 849 finem,
437 769 608 848 postquam
624 781 683 845 per
699 761 900 843 aliquantum
917 759 1072 844 temporis
1088 759 1228 842 spatium
1245 759 1276 824 ei
1292 779 1428 844 operam

309 869 446 956 dederit,
476 888 576 954 supra
600 868 698 934 etiam
722 864 1009 931 animadvertimus
1033 885 1129 929 earm.
1151 864 1189 948 V,
1214 864 1428 930 0515151115

307 986 455 1063 tempore
472 974 589 1041 conditi
607 995 637 1040 v.
653 977 705 1057 69,
721 993 784 1055 quo
800 977 963 1036 tolleretis
983 971 1085 1052 inquit
1100 976 1199 1048 ceant,
1222 970 1338 1036 oollato
1354 991 1429 1036 oum

308 1107 362 1152 vv.
380 1088 420 1149 77
437 1102 507 1165 sqq.
552 1081 663 1162 itaque
686 1079 770 1144 inter
785 1098 814 1142 a.
832 1081 894 1142 732
912 1079 980 1158 (22)
997 1082 1167 1142 exeuntem
1184 1082 1260 1143 515.
1278 1081 1341 1144 738
1358 1083 1429 1158 (16)

309 1195 480 1257 exeuntem
504 1186 598 1253 bellis
619 1183 773 1250 canendis
796 1189 970 1268 oeoupatus
993 1190 1063 1249 erat
1086 1189 1184 1269 poeta
1208 1203 1314 1268 neque
1329 1183 1428 1250 iaoile

309 1297 376 1366 hoo
393 1298 619 1378 argumentum
651 1291 821 1373 reliquisse
852 1289 1030 1356 censendus
1059 1294 1108 1355 est
1135 1296 1267 1376 propter
1290 1291 1431 1374 Augusti

310 1403 413 1487 frigus
430 1409 462 1466 et
478 1401 568 1464 iram.
616 1418 693 1482 ergo
718 1404 794 1462 ante
811 1417 839 1462 a.
856 1401 919 1463 739
937 1401 1003 1476 (15)
1027 1395 1190 1463 ineuntem
1210 1397 1266 1463 vix
1281 1397 1430 1483 periege-

309 1529 382 1577 seos
406 1507 495 1573 urbis
519 1506 641 1572 Romae
664 1503 881 1570 oonfioiendae
912 1503 1078 1569 eonsilium
1103 1504 1197 1590 oepit.
1248 1503 1364 1586 quibus
1388 1503 1431 1569 de

310 1615 416 1682 causis
432 1634 530 1679 earm.
546 1613 584 1696 V,
606 1617 659 1694 la3
686 1610 739 1694 lb,
762 1614 795 1692 2余
818 1616 854 1693 4余
877 1609 936 1692 01)余
958 1613 995 1692 9余
1027 1614 1066 1674 10
1084 1610 1167 1675 11151
1183 1630 1213 1674 5.
1230 1613 1293 1675 739
1310 1615 1379 1690 (15)
1397 1616 1431 1678 51

310 1743 338 1788 a.
357 1726 420 1788 740
438 1725 505 1800 (14)
523 1718 644 1804 scripta
659 1735 732 1782 esse
748 1715 906 1782 videntur.

398 1826 482 1891 Hine
497 1823 690 1891 revertimur
705 1822 747 1886 ad
764 1843 883 1888 earm.
901 1823 938 1906 V,
959 1830 1002 1906 lo,
1027 1821 1116 1888 euius
1131 1827 1259 1910 tempus
1274 1822 1432 1890 facillime

311 1931 468 1999 definitur.
514 1949 589 1994 nam
611 1927 646 1992 id
669 1948 741 1993 eum
762 1947 800 1992 eo
823 1934 969 2013 tempore
993 1947 1056 2010 quo
1077 1927 1264 2014 Propertius
1288 1929 1431 2014 primum

310 2036 484 2124 Cynthium
507 2034 676 2100 adamaret
698 2034 739 2099 ab
762 2035 865 2098 amieo
889 2034 997 2118 aliquo
1018 2033 1061 2098 ad
1085 2055 1158 2100 eum
1177 2035 1331 2120 seriptum
1356 2055 1432 2104 esse

311 2165 410 2231 supra
425 2141 612 2226 viderimus,
627 2147 757 2227 propter
773 2140 880 2225 ipsam
896 2140 979 2206 hano
993 2161 1061 2206 rem
1070 2140 1182 2206 inuidit
1196 2141 1230 2206 in
1238 2161 1266 2206 a.
1276 2143 1340 2206 724
1351 2146 1431 2221 (30).

400 2251 493 2315 Nune
508 2248 607 2331 igitur
622 2245 880 2329 transgredimur
888 2245 931 2310 ad
947 2266 1064 2311 earm.
1081 2248 1156 2332 V,3.
1186 2245 1228 2313 de
1244 2247 1333 2312 ouius
1349 2254 1431 2313 tem-

312 2377 391 2443 pore
419 2353 583 2439 quaedam
612 2353 735 2418 monuit
757 2351 933 2418 Merkelius
957 2353 999 2418 ad
1024 2351 1116 2420 Ovid.
1140 2354 1212 2420 last.
1236 2376 1267 2440 p.
1291 2351 1432 2418 COLIII.

312 2463 370 2530 sed
385 2469 496 2527 tamen
512 2458 597 2543 quod
621 2464 760 2525 Noricum
782 2465 890 2524 hostem
907 2481 935 2525 v.
953 2463 972 2526 8
997 2465 1130 2546 propter
1147 2459 1270 2525 Tiberii
1295 2459 1431 2546 expedi-

311 2569 430 2634 tionem
447 2587 474 2631 a.
493 2569 556 2631 739
574 2569 641 2645 (15)
657 2563 776 2630 laetam
793 2573 1078 2632 commemoratum
1095 2585 1168 2632 esse
1183 2571 1283 2652 putat,
1306 2565 1353 2630 nil
1369 2565 1430 2632 hoo

312 2674 354 2739 ad
370 2694 428 2738 nos
444 2672 567 2756 attinet,
591 2672 645 2753 qui
661 2677 804 2736 Nesaea
827 2671 934 2756 potius
954 2670 1158 2738 seribendum
1174 2670 1241 2751 (511.
1257 2672 1431 2738 Hertzber-

312 2779 385 2863 gius
408 2777 451 2842 ad
474 2777 504 2842 h.
519 2778 551 2856 1.)
576 2783 631 2842 aut
655 2783 742 2842 55115
765 2777 956 2863 scripturam
980 2777 1135 2843 insertam
1158 2797 1230 2844 esse
1253 2797 1432 2844 oensemus.

311 2905 416 2968 neque
431 2884 497 2948 iam
520 2891 641 2949 iteratos
656 2889 771 2949 Bactra
780 2904 840 2964 per
863 2895 951 2968 ortus,
975 2903 1059 2967 quae
1075 2882 1297 2969 interpolatori
1317 2880 1433 2949 deberi

314 2991 443 3074 seimus,
466 2989 509 3053 ad
532 2991 753 3077 expeditiones
777 3011 805 3054 a.
830 2994 894 3055 734
918 2994 985 3070 (20)
1010 2997 1042 3056 51
1057 3011 1085 3056 a.
1103 2996 1166 3057 740
1184 2996 1251 3070 (14)
1268 2989 1432 3074 respicere

314 3097 534 3165 eonoedemus.
580 3095 810 3179 Hertzbergius
835 3097 974 3161 autemI
996 3119 1026 3183 p.
1043 3099 1107 3163 228
1133 3115 1263 3162 earmen
1286 3104 1432 3164 nostrum

312 3207 388 3272 ina
407 3211 469 3272 734
487 3209 554 3285 (20)
571 3203 713 3269 inuidere
730 3203 850 3270 statuit.
896 3208 1039 3269 attamen
1056 3210 1203 3287 quartum
1220 3204 1355 3271 militiae
1371 3204 1431 3270 ad-

312 3332 425 3378 versus
441 3310 577 3377 Parthos
594 3329 713 3376 annum
729 3307 904 3392 signifieari
920 3331 950 3376 v.
972 3314 1028 3376 18:

542 3423 651 3481 1551151
665 3422 741 3480 hoec
754 3422 860 3479 5551111
877 3426 987 3496 quarto
1003 3424 1125 3481 lacerae
1141 3421 1196 3480 luis

312 3527 510 3589 tameertum
526 3543 589 3588 nou
605 3528 663 3589 est.
695 3521 807 3604 quidni
824 3522 918 3607 enirn,
934 3543 1004 3588 eum
1014 3522 1194 3606 eomplures
1207 3522 1432 3607 expeditiones

313 3630 455 3714 Lyeotas
478 3628 590 3694 feeerit
613 3627 679 3708 (511.
702 3649 754 3694 vv.
771 3633 789 3693 7
807 3634 898 3713 sqq),
922 3633 1069 3711 quartam
1093 3628 1163 3694 eius
1188 3627 1430 3715 expeditionem

313 3735 418 3821 potius
441 3734 678 3819 intellegamus,
710 3733 845 3817 siugulis
877 3735 1022 3818 singulas
1053 3736 1200 3802 lacernas
1228 3735 1431 3802 tribuentes?

314 3849 485 3927 praeterea
500 3849 566 3906 tam
582 3840 698 3925 gravia
714 3840 883 3923 qualiavv.
894 3845 934 3906 65
944 3861 1013 3924 sqq.
1024 3840 1204 3906 indieantur
1220 3841 1345 3927 proelia
1357 3862 1430 3907 eum

313 3947 441 4014 Parthis
464 3948 525 4013 hoe
540 3949 625 4013 bello
641 3969 704 4012 non
721 3947 950 4014 committenda
966 3967 1046 4032 esse,
1062 3947 1132 4034 ipso
1146 3967 1174 4012 a.
1193 3951 1255 4012 734
1273 3951 1349 4030 (20),
1366 3968 1430 4031 quo

313 4055 383 4120 sine
399 4053 463 4119 ullo
479 4053 590 4119 labore
606 4054 700 4137 signa
709 4053 883 4120 Crassiana
898 4055 938 4120 ab
955 4054 1002 4121 eis
1014 4054 1178 4137 Augustus
1194 4054 1326 4140 recepit,
1342 4053 1430 4120 haud

313 4160 411 4225 dubie
428 4157 599 4224 audiverat
613 4159 781 4225 Arethusa.
827 4160 937 4244 itaque
953 4160 1033 4226 haee
1048 4180 1112 4226 non
1127 4165 1234 4246 potest
1248 4181 1312 4226 non
1328 4163 1428 4247 serip-

313 4268 396 4334 sisse
412 4273 486 4333 ante
502 4265 585 4332 hune
605 4285 721 4332 aunum
746 4268 855 4349 aliquo
871 4274 1016 4353 tempore
1033 4287 1094 4349 quo
1111 4267 1429 4334 vehementissimum
