3226 5162
862 453 903 516 80

324 627 386 692 nisi
409 631 518 714 asttt
537 631 606 708 (22)
624 634 761 694 exeunte
777 632 908 711 propter
929 626 1075 692 diversas
1091 646 1144 692 res
1160 647 1240 708 quas
1256 646 1328 692 eum
1345 635 1440 692 antea

324 735 446 800 Romae
469 733 583 800 eodem
600 754 683 798 anno
708 733 953 800 administrasse
977 734 1039 798 Dio
1056 734 1075 798 1.
1091 733 1173 817 LIV,
1201 740 1214 798 1
1238 755 1307 816 sqq.
1331 739 1440 798 auctor

324 847 380 907 est.
427 861 533 924 neque
557 862 629 907 cum
652 839 712 906 hoc
729 845 874 925 1000000
897 848 1021 926 pugnat
1046 839 1130 923 quod
1155 838 1280 904 Indiam
1304 840 1441 922 Augusti

323 947 484 1033 triumpho
502 948 584 1012 colla
600 946 678 1012 dare
695 946 882 1032 Propertius
898 946 1063 1028 gloriatur.
1094 966 1232 1029 namque
1249 967 1276 1010 a.
1295 952 1358 1013 734
1371 950 1440 1026 (20)

323 1055 420 1120 Indos
436 1055 554 1138 legatis
570 1053 702 1118 Samum
719 1053 826 1119 missis
836 1054 982 1135 Augusto
999 1052 1174 1117 amicitiam
1192 1072 1329 1135 eamque
1345 1059 1441 1118 00100

323 1163 500 1227 nuntiatam
525 1161 679 1225 obtulisse
703 1159 803 1224 refert
825 1161 887 1224 Dio
911 1160 931 1223 1.
955 1160 1038 1244 LIV,
1055 1166 1084 1225 9.
1129 1179 1234 1243 00000
1259 1179 1335 1226 0000
1359 1159 1442 1224 hanc

324 1268 500 1333 amicitiam
517 1285 601 1349 quae
616 1266 672 1331 1110
690 1264 819 1330 demum
844 1286 927 1331 0000
951 1273 1022 1330 0010
1046 1265 1132 1330 10010
1153 1267 1194 1330 011
1217 1266 1371 1331 credibile
1393 1273 1442 1332 est

324 1377 389 1438 iam
411 1374 486 1439 olim
507 1373 746 1457 pronuntiatam
771 1393 842 1438 0000
859 1375 900 1438 ab
917 1374 963 1438 010
987 1373 1103 1456 legatis
1127 1393 1206 1455 quos
1231 1393 1259 1436 0.
1284 1377 1347 1438 728
1373 1377 1441 1452 (26)

325 1481 414 1548 0010.
425 1485 488 1544 729
507 1478 576 1566 (25)
594 1481 810 1545 Tarraconem
829 1480 870 1545 ad
880 1480 1060 1562 Augustum
1077 1480 1118 1544 ab
1133 1479 1222 1544 Indis
1238 1479 1353 1544 missos
1370 1499 1443 1544 csse

325 1592 435 1652 narrat
452 1585 585 1652 Orosius
594 1586 707 1671 VI,21.
739 1586 797 1652 sed
813 1587 912 1651 multo
928 1586 1033 1669 magis
1050 1592 1298 1652 consentaneum
1315 1592 1373 1670 001,
1389 1585 1445 1650 ubi
1492 1580 1498 1588 '

325 1694 501 1760 Caesarem
526 1693 559 1756 in
583 1692 725 1758 Siciliam
752 1700 783 1758 et
807 1691 976 1757 Graeciam
1000 1692 1178 1777 proiectum
1204 1692 1444 1778 expeditionem

314 1795 514 1866 ‘orientalem
537 1820 700 1884 apparare
722 1799 903 1882 acceperint
926 1818 954 1862 0.
980 1803 1043 1864 732
1067 1804 1145 1882 (22),
1168 1800 1282 1865 010000
1308 1818 1381 1864 0000
1402 1799 1444 1863 ab

326 1906 413 1971 Indis
435 1907 562 1970 nuntios
585 1905 628 1968 ad
644 1906 818 1970 amicitiam
828 1905 1085 1990 promittendam.
1116 1925 1222 1987 neque
1236 1913 1345 1970 tamen
1355 1913 1444 1971 trans

326 2011 419 2078 huius
436 2011 511 2075 anni
526 2009 606 2077 fines
622 2010 752 2093 regredi
768 2031 947 2095 possumus,
972 2011 1122 2094 quoniam
1140 2012 1313 2078 Caesarem
1330 2012 1444 2077 ctiam-

325 2124 392 2182 tum
413 2118 535 2182 Romae
559 2115 658 2184 fuisse
683 2137 858 2202 censemus,
882 2118 938 2182 ubi
959 2117 1000 2181 ad
1023 2138 1095 2183 eum
1112 2118 1236 2184 miserit
1253 2119 1445 2203 Propertius

326 2245 423 2290 carm.
440 2226 496 2309 ΙΠ,
518 2231 564 2289 10.
610 2224 669 2289 hoc
684 2225 791 2308 igitur,
815 2223 900 2306 quod
923 2225 1091 2309 expulsam
1108 2224 1247 2291 ostendit
1264 2224 1446 2309 Cynthiam,

328 2352 399 2395 cum
416 2353 444 2396 0.
460 2335 522 2396 732
533 2333 599 2411 (22)
617 2338 754 2395 exeunte
771 2331 925 2414 scriptum
941 2331 991 2414 sit,
1007 2330 1080 2394 hinc
1096 2330 1247 2396 demendi
1264 2321 1337 2395 0001
1354 2330 1445 2412 quin-

328 2459 391 2521 que
409 2437 493 2521 0001,
514 2456 573 2522 000
590 2457 670 2518 quos
687 2435 815 2501 duravit
831 2441 978 2501 constans
995 2443 1027 2501 et
1051 2444 1156 2501 certus
1173 2435 1331 2522 Cynthiae
1347 2457 1446 2500 amor.

328 2565 390 2627 quo
407 2543 492 2607 iacto
514 2562 586 2607 eum
611 2547 749 2606 excunte
765 2562 793 2606 0.
812 2545 873 2606 727
892 2543 959 2623 (27)
983 2543 1142 2627 incepisse
1165 2543 1359 2625 invenimus;
1388 2541 1444 2608 010.

328 2648 587 2732 Eschenburgius
608 2649 627 2712 1.
648 2649 667 2711 1.
684 2671 714 2733 p.
731 2653 771 2714 93
791 2654 821 2713 01
837 2671 867 2733 p.
885 2654 936 2713 97.
976 2646 1035 2714 sed
1055 2669 1226 2733 0000000
1244 2670 1362 2714 annum
1379 2649 1444 2716 dis·

328 2754 410 2820 eidio
436 2764 504 2820 orto
526 2776 546 2820 a
567 2754 706 2840 Cynthia
729 2761 946 2840 contemptum
970 2775 1006 2820 se
1030 2776 1102 2821 0000
1124 2757 1234 2821 scribit
1258 2757 1444 2839 Propertius

327 2862 381 2947 IV,
405 2867 444 2927 16
460 2883 490 2926 0.
507 2866 536 2927 9.
583 2861 637 2944 qui
656 2882 768 2946 00000,
792 2863 942 2944 quoniam
963 2869 1093 2940 fideliter
1115 2883 1150 2928 00
1180 2864 1318 2945 quinque
1342 2883 1444 2928 annos

328 2969 452 3032 amicae
476 2968 629 3034 serviisse
648 2969 808 3034 immerito
825 2969 1048 3054 pronuntiaret
1065 2976 1161 3053 poeta
1177 2970 1232 3052 IV,
1256 2974 1297 3035 25
1323 2991 1352 3034 0.
1371 2974 1400 3053 2,
1416 2971 1443 3034 01

251 3095 257 3105 ·
328 3095 387 3158 000
408 3094 504 3138 0000
526 3093 636 3138 00000
661 3095 816 3139 0000000
832 3083 964 3158 0000100
979 3081 1146 3160 00000100
1162 3076 1270 3142 000010
1288 3075 1373 3157 quod
1390 3095 1444 3140 ex-

329 3180 440 3264 pulsus
466 3179 589 3264 fuisset,
621 3180 826 3250 Lachmanno
848 3180 921 3246 edit.
945 3180 1124 3264 Lipsiensis
1140 3181 1241 3267 praef.
1263 3205 1317 3267 pp.
1333 3182 1447 3246 XXIII

329 3294 360 3352 et
369 3286 479 3350 XXVI
495 3287 564 3351 iure
574 3286 701 3352 videtur
717 3287 858 3352 incidere
867 3293 941 3352 ante
950 3289 1090 3372 spatium
1107 3288 1188 3351 illud
1197 3288 1446 3370 quinquennale.

329 3398 452 3477 anpost
465 3391 524 3456 hoc
537 3413 610 3457 eum
627 3400 749 3459 statues
765 3395 958 3477 interpretes
967 3395 1115 3476 antiquos
1124 3402 1261 3479 secutus,
1277 3395 1331 3458 ubi
1347 3401 1447 3480 poeta

328 3500 399 3584 1000
416 3499 521 3583 potius
539 3498 710 3583 Cynthium
731 3501 763 3563 in
785 3508 976 3585 perpetuum
993 3501 1142 3585 excussit,
1167 3521 1264 3583 quam
1280 3501 1321 3565 ab
1337 3500 1395 3566 1110
1412 3501 1446 3565 10

329 3626 447 3670 annum
465 3606 618 3690 expulsus
636 3605 709 3670 est?
754 3605 926 3670 discidium
947 3607 1045 3689 igitur
1060 3605 1184 3670 illuda.
1204 3611 1265 3671 726
1284 3606 1352 3694 (28)
1371 3626 1445 3672 cxc-

330 3718 438 3776 untem
462 3719 494 3776 et
517 3733 546 3776 0.
571 3717 633 3776 727
660 3717 727 3792 (27)
752 3713 913 3777 10000100
941 3712 1189 3797 comprehendit.
1236 3713 1278 3776 ad
1302 3711 1445 3778 medium

329 3825 435 3884 autem
445 3839 472 3882 0.
484 3821 634 3902 726(28),
643 3839 705 3902 quo
715 3816 833 3882 100100
851 3826 900 3884 001
914 3819 1093 3902 discidium,
1108 3819 1227 3884 amoris
1243 3826 1309 3884 tres
1325 3818 1447 3903 primos

330 3945 430 3990 00000
455 3925 509 4007 qui
532 3933 606 4010 post
630 3931 844 4009 contemptam
860 3926 1040 4010 Lycinnam
1057 3925 1181 3990 initium
1207 3925 1350 4010 ceperint
1372 3944 1446 4009 per-

330 4031 431 4096 tinere
448 4032 755 4114 supraconiecimus.
788 4031 993 4113 quodnostro
1007 4033 1076 4098 1000
1093 4031 1138 4096 ita
1146 4031 1300 4116 suspicati
1316 4051 1445 4095 sumus:

329 4157 434 4219 neque
451 4137 535 4200 enim
552 4145 624 4221 post
641 4144 807 4221 00000100
823 4137 903 4201 illud
920 4160 982 4219 quo
992 4123 1160 4204 discidium
1170 4144 1273 4202 ortum
1283 4143 1332 4202 001
1348 4142 1447 4222 poeta

330 4263 428 4308 ausus
445 4248 531 4307 esset
554 4243 695 4306 scribere
711 4241 753 4306 ad
771 4241 950 4326 Cynthiam,
973 4250 1086 4308 utnon
1104 4242 1186 4326 fugit
1201 4243 1445 4308 Lachmannum

329 4349 384 4412 1.1.
401 4347 501 4435 00001.
517 4371 548 4434 p.
564 4348 681 4432 XXVI,
698 4369 794 4413 0000.
811 4349 865 4413 IV.
885 4356 922 4413 15
940 4371 991 4415 00.
1009 4355 1026 4414 7
1045 4370 1131 4433 sqq.:
