3226 5162
852 403 893 464 98

316 573 370 656 qui
386 573 427 637 ad
443 575 573 638 tertiam
590 576 748 640 deeimam
765 583 820 640 aut
842 582 989 656 quartam
1011 575 1169 639 decimam
1195 575 1332 640 formam
1350 598 1437 641 oom-

314 679 420 765 parati
452 681 523 764 sint,
561 683 742 748 rarissimos
773 683 828 764 qui
852 689 999 747 octavum
1032 687 1087 746 aut
1115 689 1242 746 sextum
1274 681 1435 747 decimum

315 786 483 870 exemplar
507 789 734 872 expresserint.
788 794 820 853 et
842 788 923 852 haee
944 787 1073 869 quidem
1096 789 1206 853 omnia
1230 809 1301 852 oum
1325 797 1437 855 nostra

313 893 424 958 tabula
442 895 685 960 accuratissime
708 895 878 960 convenire
902 893 1058 958 videmus.
1103 893 1164 958 hae
1187 901 1296 959 autern
1319 895 1435 960 iterum

312 1001 459 1085 inspecta
475 1007 647 1085 praeterea
663 1001 949 1066 animadvertimus
967 999 1129 1064 continere
1144 999 1351 1066 hexametros

600 1346 720 1401 inlibro
961 1421 963 1426 Ι
1024 1283 1403 1458 llViVIIV'V

311 1551 347 1590 ex
365 1533 533 1588 hexametris
552 1571 1003 1588 ...........
1054 1536 1105 1586 495
1162 1538 1210 1586 tit

311 1623 439 1692 singulos
456 1623 585 1693 dactylos
601 1629 630 1679 et
647 1629 744 1680 ternos
763 1622 907 1691 spondeos
953 1661 959 1673 .
997 1661 1003 1672 .
1059 1625 1106 1674 162
1165 1625 1213 1674 143
1276 1623 1307 1690 ¹]ss
1374 1624 1406 1690 ¹l³

310 1711 395 1766 binos
412 1716 441 1765 et
458 1710 585 1782 dactylos
603 1717 632 1766 et
649 1713 793 1781 spondeos
821 1747 1005 1763 .....
1060 1713 1106 1763 199
1162 1713 1213 1763 200
1276 1713 1308 1780 ΙΙ,
1374 1714 1406 1782 h‘r

311 1807 408 1855 ternos
426 1799 554 1871 dactylos
572 1806 601 1855 et
617 1800 745 1869 singulos
761 1800 905 1869 spondeos
953 1839 959 1850 .
998 1838 1004 1849 .
1073 1803 1107 1852 93
1180 1803 1213 1851 74
1243 1821 1245 1904 ι
1275 1801 1306 1869 ‘is
1373 1805 1414 1871 446.

1236 1882 1239 1904 i

311 2069 376 2131 iam
393 2065 515 2131 addam
531 2066 671 2130 rationes
688 2086 771 2148 quae
786 2066 869 2129 inter
884 2065 1031 2150 daotylos
1046 2070 1078 2129 et
1094 2063 1254 2149 spondeos
1271 2065 1304 2129 in
1320 2067 1430 2151 priore

312 2171 506 2256 pentametri
521 2171 720 2237 hemistichio
737 2171 897 2238 adhibitos
917 2170 1120 2236 intercedunt
1136 2172 1331 2257 comparatis
1347 2174 1430 2239 inter

313 2298 348 2343 se
364 2278 510 2344 omnibus
519 2278 681 2365 Propertii
697 2278 796 2343 libris.
829 2277 948 2360 quade
964 2298 999 2342 re
1008 2297 1085 2342 usus
1102 2298 1171 2342 sum
1188 2279 1429 2360 quaestionibus

312 2385 453 2449 metriois
470 2405 550 2466 quas
566 2384 607 2450 de
624 2395 791 2470 poetarum
808 2384 993 2449 Latinorum
1010 2403 1111 2466 usque
1132 2382 1175 2447 ad
1188 2385 1327 2467 Augusti
1342 2392 1429 2451 aeta-

312 2497 379 2555 tem
411 2490 556 2556 distiohis
588 2492 724 2556 instituit
753 2491 909 2556 Ernestus
939 2490 1114 2555 Eiohnerus
1145 2489 1179 2553 in
1205 2491 1431 2558 dissertatione

312 2595 559 2662 Vratislaviensi
583 2617 611 2660 a.
633 2603 733 2680 1866;
758 2597 818 2662 sed
842 2603 950 2662 tamen
973 2597 1005 2660 in
1028 2603 1140 2678 quarto
1158 2598 1332 2680 quintoque
1349 2599 1429 2664 libro

311 2721 401 2766 meas
424 2722 570 2786 promam
600 2703 851 2768 ohservationes.
897 2710 970 2768 sunt
995 2703 1093 2785 igitur
1124 2702 1168 2766 ad
1196 2703 1316 2770 formas
1348 2727 1429 2788 quas

312 2808 466 2891 praemisi
483 2810 663 2894 comparati
679 2810 873 2894 pentametri

425 3151 565 3207 inlibro
719 3092 1060 3270 Issifflilviv
1115 3154 1129 3206 I
1178 3155 1414 3209 HHIlVV

310 3339 526 3407 epentametris
568 3381 574 3393 .
612 3381 618 3393 .
656 3382 662 3394 .
700 3345 749 3394 aaa
780 3335 828 3394 'rot
860 3345 910 3394 504
939 3344 990 3394 roo
1019 3344 1068 3392 441

310 3429 591 3496 --Ι--Ι-

307 3977 394 4044 idem
409 3980 585 4046 Eiehnerus
601 3981 620 4043 l.
636 3981 656 4045 l.
672 4003 702 4065 p.
720 3986 737 4044 7
755 3978 827 4044 adn.
844 4001 874 4063 p.
892 3984 920 4044 8.
936 4001 966 4063 p.
986 3985 1024 4044 10
1049 3979 1122 4044 adn.
1138 3979 1317 4046 hexametri
1333 3983 1423 4066 prius

307 4106 409 4168 usque
432 4087 475 4151 ad
495 4106 663 4152 oaesuram
687 4085 950 4168 semiquinariam
971 4084 1206 4151 hemistichium
1229 4087 1262 4150 in
1285 4107 1424 4154 examen

308 4193 443 4258 vocavit.
490 4192 580 4258 ouius
595 4191 927 4258 animadversionibus
949 4191 990 4256 de
1006 4191 1086 4255 libro
1111 4192 1219 4274 quinto
1244 4193 1423 4262 emendatis

306 4297 387 4363 illud
403 4296 446 4362 ad
462 4297 574 4365 modos
591 4300 808 4386 praescriptos
825 4295 986 4362 conditum
1003 4297 1154 4364 exhibent
1170 4297 1350 4366 hexametri
