3258 5168
721 455 759 515 41

186 607 424 712 depingendam
450 627 553 693 factus
585 647 644 712 per
667 647 842 712 pronomen
865 628 1036 693 relativum
1060 627 1179 715 fractus
1204 635 1252 695 est
1267 636 1299 694 et

187 734 333 800 elumbis.

275 859 334 925 His
358 840 541 944 explicatis*
556 857 700 924 eiusdem
732 859 882 925 carminis
911 880 962 924 vv.
987 865 1025 924 51
1039 865 1130 924 -54
1158 860 1298 924 animum

187 967 367 1032 advertunt.
402 987 477 1030 nam
494 985 549 1030 cur
564 962 660 1030 fidem
676 985 768 1031 suam
784 965 989 1032 iureiurando
1006 965 1145 1031 affirmat
1162 965 1300 1052 Cynthia

186 1074 246 1158 hic,
269 1075 325 1139 nbi
348 1070 511 1156 nequead
532 1071 792 1158 praecedentium
816 1093 920 1157 neque
940 1073 983 1138 ad
1003 1073 1204 1157 sequentium
1228 1093 1298 1139 ver-

187 1202 279 1246 suum
303 1180 478 1245 sententias
502 1177 676 1262 quidquam
707 1176 740 1242 id
772 1178 893 1244 refert?
923 1200 979 1244 eur
1001 1178 1053 1245 hic
1076 1185 1298 1262 argumentum

187 1287 347 1372 repetivit,
378 1286 411 1349 in
434 1306 496 1367 quo
521 1283 685 1350 tractando
713 1284 777 1348 iam
801 1306 852 1350 vv.
880 1291 917 1350 12
934 1324 978 1332 -
995 1290 1035 1350 22
1065 1291 1195 1352 versata
1226 1286 1303 1355 5552

188 1399 358 1478 praeterea
381 1414 431 1476 vr.
453 1397 494 1456 55
517 1411 596 1474 sqq,
619 1390 673 1474 qui
697 1398 829 1476 propter
845 1413 914 1456 aaut
937 1391 1129 1477 particulam
1154 1413 1193 1457 ea
1218 1412 1300 1473 quae

188 1497 282 1564 modo
299 1497 385 1563 dicta
407 1505 481 1564 sunt
503 1496 692 1563 confirmare
709 1496 866 1582 videntur,
890 1505 997 1564 tamen
1014 1519 1125 1565 eorum
1141 1499 1219 1563 nihil
1236 1520 1301 1564 om-

188 1605 262 1670 nino
279 1604 429 1690 probant3
451 1605 562 1691 incipit
579 1604 664 1669 enirn
680 1624 782 1670 novus
792 1604 832 1669 de
849 1604 960 1670 inferis
976 1606 1072 1671 locus.
1103 1626 1145 1670 an
1162 1604 1302 1690 Cynthia

189 1712 320 1796 exponit
336 1731 391 1776 cur
406 1711 620 1794 tergeminum
637 1731 748 1776 canem
765 1732 793 1776 v.
813 1715 854 1775 52
871 1711 1194 1777 commemoraverit?
1223 1732 1300 1795 ergo

190 1815 327 1882 disticha
341 1817 421 1883 haec
437 1817 543 1902 potius
559 1823 632 1902 post
649 1839 677 1882 v.
695 1821 736 1880 22
753 1815 924 1883 inserenda
940 1823 1022 1883 5555.
1061 1824 1158 1901 atque
1173 1817 1233 1884 hoe
1249 1817 1302 1884 vel

190 1945 260 1988 eam
285 1924 326 1988 ob
351 1944 480 1989 oausam
504 1923 715 2008 probabiliter
739 1923 921 2014 conicimus,
952 1921 1037 2006 quod
1060 1923 1177 1990 iustam
1202 1946 1300 2010 oppo-

190 2029 337 2096 sitionem
361 2028 490 2094 illudat
512 2051 541 2096 v.
566 2032 606 2094 23
632 2050 714 2093 nunc
738 2029 910 2096 desiderat.
955 2029 1098 2098 traiectis
1122 2036 1229 2096 autem
1252 2030 1302 2095 his
1379 2083 1382 2088 .

190 2137 337 2202 versibus
352 2134 449 2201 fidem
465 2135 667 2221 Propertium
684 2135 848 2221 fefellisse,
868 2156 904 2203 se
917 2156 1066 2204 servasse
1076 2137 1214 2224 Cynthia
1230 2158 1301 2203 con-

190 2240 304 2307 tendit:
326 2240 441 2308 sedne
457 2241 503 2307 sia
519 2241 649 2325 quidem
666 2247 706 2322 (v.
716 2247 770 2323 23)
783 2241 867 2307 fidae
884 2243 1008 2308 amicae
1023 2242 1192 2310 honestum
1208 2243 1302 2308 funus

191 2349 232 2413 ab
249 2369 287 2414 eo
303 2355 452 2433 paratum
468 2369 550 2414 esse.
582 2347 720 2433 denique
737 2355 812 2414 ante
829 2371 858 2415 v.
868 2355 909 2414 55
926 2349 1049 2432 aliquot
1064 2371 1178 2416 versus
1193 2349 1304 2415 omissi

190 2454 401 2538 sunt'quibus
426 2454 467 2520 de
491 2476 550 2521 sua
565 2455 654 2540 apud
668 2455 788 2522 inferos
813 2455 994 2521 conditione
1018 2457 1064 2522 ita
1086 2456 1174 2540 loqui
1198 2456 1304 2540 eoepit

123 2607 125 2610 -
190 2559 338 2646 Cynthia,
354 2568 388 2626 ut
403 2583 473 2626 uam
495 2562 654 2648 particula
669 2569 757 2630 recte
774 2563 879 2647 posita
895 2569 990 2629 esset.

279 2685 351 2770 Age
373 2706 457 2752 nunc
477 2685 754 2770 transgrediamur
778 2685 820 2752 ad
843 2687 881 2771 V,
904 2692 923 2753 9
949 2708 1000 2753 vv.
1027 2691 1069 2751 42
1093 2707 1161 2770 sqq.
1207 2693 1303 2770 atque

190 2814 220 2859 v.
237 2795 292 2857 42:

408 2922 548 2998 acupile:
564 2923 638 2982 laea
650 2924 732 2995 fesso
748 2923 799 2981 atu
813 2923 884 2981 mill
898 2926 980 2981 terra
989 2927 1085 3000 patet,

191 3042 244 3124 qui
268 3040 364 3126 paulo
387 3047 527 3106 mutatus
550 3062 579 3105 v.
605 3046 646 3106 66
670 3045 844 3124 repetatur,
871 3040 1031 3106 immerito
1055 3040 1107 3106 hic
1132 3041 1199 3124 legi
1221 3061 1304 3105 nunc

190 3153 314 3213 constat
329 3146 396 3214 fere
412 3148 495 3212 inter
519 3168 614 3213 sanos
632 3147 764 3213 criticos.
810 3146 919 3212 illatus
936 3154 1044 3213 antem
1060 3145 1122 3212 huc
1139 3154 1195 3231 est,
1217 3153 1303 3231 post-

191 3274 286 3337 quam
317 3254 475 3338 genuinus
508 3274 619 3319 versus
651 3255 767 3318 lacuna
797 3253 931 3319 haustus
955 3259 1012 3320 est.
1058 3252 1117 3319 sed
1145 3253 1200 3336 qui
1223 3252 1305 3318 hune

191 3366 339 3426 secuntur
355 3382 406 3427 vv.
424 3364 464 3426 43
482 3380 542 3443 sq.:

408 3491 481 3566 quid
494 3493 520 3550 st
534 3493 641 3552 quout
654 3505 771 3550 sacrum
783 3490 927 3564 faceretis
943 3493 1086 3550 amarae?

420 3614 480 3657 aaa
495 3599 645 3657 clausisset
660 3613 757 3674 aquas
771 3599 836 3674 qrsa
851 3613 981 3658 aoaerca
997 3614 1077 3676 suas,

191 3737 254 3799 quo
277 3717 347 3782 iure
367 3716 451 3782 hunc
472 3716 578 3781 locum
602 3717 830 3802 occupaverint
852 3716 957 3780 minus
984 3717 1080 3782 etiam
1105 3717 1305 3803 perspicitur.

191 3843 264 3887 nam
282 3823 420 3907 primum
437 3821 566 3906 quidem
586 3829 737 3888 clausisset
758 3821 838 3887 illud
861 3844 920 3907 pro
944 3822 1132 3907 imperfecto
1156 3828 1306 3887 clauderet

192 3949 365 4014 perperam
390 3930 530 4015 positum
554 3937 612 4014 est,
643 3930 719 4012 quia
742 3927 883 3994 nondum
907 3949 927 3992 a
951 3927 1172 3994 sacerdotibus
1196 3929 1305 3992 Bonae

192 4033 273 4102 deae
289 4035 444 4101 Hercules
461 4037 609 4103 exclusus
626 4042 675 4102 est
695 4056 715 4100 a
730 4034 879 4101 fontibus.
926 4032 1051 4100 accedit
1068 4032 1163 4119 quod,
1179 4035 1305 4100 nescius

193 4141 285 4208 huius
301 4141 384 4207 deae
403 4144 508 4208 lucum
525 4163 560 4210 se
577 4142 706 4227 adiisse,
727 4144 880 4208 Iunonem
896 4141 943 4206 illi
959 4164 989 4209 v.
1006 4145 1046 4207 43
1064 4161 1228 4226 opponere
1243 4161 1307 4205 non

192 4255 307 4333 potest.
354 4247 431 4332 quid
455 4249 564 4314 enim?
603 4250 631 4315 si
654 4250 744 4314 lucus
768 4269 859 4316 sacer·
885 4256 954 4314 erat
980 4247 1119 4312 Iunoni?
1165 4266 1305 4313 namne

193 4355 363 4440 Herculem
387 4360 421 4419 ut
436 4355 597 4420 hominem
614 4354 682 4420 deis
706 4355 893 4421 similiorem
914 4354 995 4420 haec
1018 4355 1125 4419 omnia
1142 4359 1305 4440 comperta
