3258 5168
660 1249 817 1372 Caput
838 1251 880 1347 I.

257 1493 319 1560 De
343 1491 698 1562 emendandarum
725 1490 825 1560 libri
853 1489 990 1574 quinti
1023 1490 1285 1574 Propertiani

441 1615 669 1696 elegiarum
695 1615 857 1684 ratione
883 1613 1110 1684 disseritur.

215 1808 272 1904 Aa
302 1834 426 1920 primus
453 1833 584 1918 quidem
615 1836 703 1902 locus
735 1841 784 1901 est
816 1834 864 1900 de
895 1835 965 1900 via
995 1855 1042 1900 ac
1062 1835 1228 1900 ratione
1253 1856 1330 1920 qna

217 1940 578 2006 etiamnunolibri
595 1941 731 2023 quinti
748 1941 917 2023 elegiae
934 1940 1147 2006 emendari
1169 1943 1329 2025 possint.

216 2067 279 2128 quo
294 2046 328 2110 in
337 2045 528 2132 explicando
544 2046 670 2111 initium
680 2067 797 2132 capere
814 2046 964 2112 convenit
980 2047 1029 2111 ab
1047 2047 1329 2114 aestimandis

217 2151 279 2218 eis
295 2151 529 2237 codicibus,
549 2153 583 2216 in
606 2153 721 2235 quibus
737 2153 847 2217 nititur
870 2153 961 2218 crisis
978 2153 1196 2238 Propertiana.
1227 2153 1329 2219 Lach-

216 2277 352 2324 mannus
376 2265 483 2324 autem
508 2279 579 2324 oum
608 2259 687 2324 artis
711 2259 842 2324 criticae
872 2259 905 2322 in
928 2258 1096 2342 Propertio
1128 2259 1329 2326 exercendae

216 2363 459 2430 fundamentum
491 2366 575 2430 solos
600 2363 726 2430 codices
750 2364 999 2448 Neapolitanum
1030 2371 1062 2429 61
1086 2363 1328 2448 Groninganum

216 2470 336 2536 merito.
346 2469 483 2554 elegerit
499 2469 568 2557 (cir.
577 2468 653 2535 edit.
662 2469 841 2555 Lipsiensis
858 2489 887 2534 a.
901 2475 992 2536 1816.
1009 2469 1110 2554 praei.
1127 2492 1180 2555 pp.
1194 2471 1250 2535 IX.
1260 2478 1328 2556 sq.),

214 2577 248 2640 in
271 2576 343 2661 ipso
366 2595 465 2662 opere
488 2574 675 2641 adornando
705 2576 847 2660 palmam
872 2575 986 2641 detulit
1009 2575 1226 2659 Groningano.
1271 2575 1330 2643 sed

215 2701 319 2767 nuper
342 2689 415 2766 post
430 2681 607 2766 Hauptium
631 2679 698 2760 (cir.
721 2680 819 2746 index
834 2682 906 2747 leot.
923 2682 1027 2748 Berol.
1044 2683 1157 2748 aestiv.
1175 2702 1203 2747 a.
1223 2686 1328 2763 1856.)

216 2786 450 2852 Heimreichius
474 2794 596 2870 quaest.
620 2785 764 2872 Propert.
785 2809 838 2872 pp.
860 2792 885 2850 1.
909 2808 978 2870 sqq.
1002 2786 1245 2872 Groninganum
1268 2807 1329 2852 neo

215 2892 412 2976 singularem
432 2913 511 2977 prae
533 2913 568 2959 se
592 2892 676 2958 16116
692 2893 848 2975 originem
870 2900 902 2957 61
925 2913 946 2956 6
960 2893 1029 2986 1116
1046 2893 1184 2977 quodam
1201 2892 1328 2958 indocto

215 2998 297 3065 adeo
319 2999 547 3083 interpolatum
572 3018 644 3064 csse
675 2998 852 3082 contendit,
883 3004 918 3063 ut
946 2998 1214 3082 acquiescendum
1245 3019 1329 3064 nuno

217 3111 301 3170 esset
323 3103 436 3170 infide
463 3104 537 3168 libri
560 3104 777 3190 Neapolitani.
832 3124 929 3187 quam
959 3111 1065 3171 tamen
1093 3125 1238 3171 normam
1269 3125 1329 3171 666

215 3209 454 3292 Eschenburgio
470 3209 538 3289 (cfr.
548 3210 708 3276 observat.
718 3211 785 3276 orit.
792 3211 827 3275 in
835 3210 980 3296 Propert.
989 3234 1019 3296 p.
1030 3216 1093 3291 23.)
1109 3231 1169 3277 666
1184 3210 1327 3276 Lucieno

215 3315 368 3382 Muellero
390 3314 456 3392 (cir.
475 3316 679 3382 Fleckeiseni
702 3336 774 3381 ann.
789 3318 851 3382 vol.
869 3322 919 3382 91.
936 3339 966 3402 p.
991 3321 1076 3396 781.)
1100 3337 1232 3402 prorsus
1255 3335 1327 3402 per-

215 3421 324 3488 suasit.
385 3420 443 3488 hos
464 3428 571 3487 autem
591 3422 678 3488 viros
709 3422 924 3488 Heimreichio
955 3423 1063 3488 verius
1093 3421 1134 3488 de
1166 3422 1327 3489 codicibus

214 3527 433 3612 Propertianis
454 3526 607 3593 iudicium
624 3528 737 3594 tulisse
761 3534 796 3593 ut
818 3529 992 3612 evincatur,
1015 3549 1086 3594 cum
1109 3549 1173 3593 non
1196 3529 1257 3596 sim
1273 3548 1327 3595 ne·
1375 3574 1385 3592 .

214 3633 298 3699 scius
314 3653 440 3700 omnem
458 3653 567 3700 eornm
576 3634 767 3700 varietatem
782 3633 1006 3700 excutiendam
1023 3654 1104 3718 esse,
1120 3640 1229 3700 tamen
1244 3655 1328 3700 nunc

214 3739 298 3804 intra
321 3739 395 3804 libri
419 3740 521 3822 quinti
543 3739 623 3806 fines
654 3761 706 3806 me
738 3740 914 3823 continebo,
945 3740 1017 3807 aliis
1048 3739 1131 3806 hanc
1159 3741 1326 3807 materiem

214 3844 340 3929 plenius
356 3844 558 3910 tractandam
574 3846 752 3928 relicturus,
767 3845 800 3909 in
816 3865 881 3928 qua
895 3845 1024 3928 quidem
1041 3867 1113 3912 cum
1129 3846 1234 3911 fructu
1250 3848 1326 3930 quin

214 3952 316 4036 possit
339 3952 410 4036 quis
441 3951 622 4017 etiamnunc
645 3951 770 4017 versari
797 3971 860 4016 non
883 3950 1002 4016 dubito.
1047 3953 1206 4017 imminuit
1229 3953 1326 4036 igitur

213 4056 287 4121 libri
304 4055 504 4140 (ironingani
527 4056 623 4122 fidem
639 4057 875 4124 Heimreichius
896 4056 1031 4143 prolatis
1057 4057 1214 4123 eiusmodi
1238 4059 1326 4124 testi-

213 4163 328 4228 moniis
344 4163 458 4248 quibus
475 4183 547 4229 eum
565 4170 597 4229 61
613 4163 747 4246 singulis
764 4164 895 4230 vocibus
913 4168 944 4230 61
952 4163 1098 4230 1616111116
1114 4164 1167 4230 vel
1182 4164 1257 4231 totis
1274 4164 1327 4230 vel

215 4267 392 4335 dimidiatis
422 4269 649 4354 interpolatum
681 4269 873 4335 ostenderet.
926 4276 1023 4352 atque
1055 4270 1124 4336 eius
1155 4269 1325 4353 generise

216 4375 325 4460 quinto
342 4395 469 4458 quoque
485 4375 567 4440 libro
583 4375 664 4441 haec
680 4375 812 4461 excerpi
827 4383 972 4461 possunt:
1001 4375 1039 4460 V,
1063 4382 1089 4460 1,
1107 4383 1270 4530 9fcr⁰⁸tm
1286 4377 1324 4442 N.
