3226 5162
592 1083 748 1208 Caput
779 1085 876 1182 III.

227 1344 463 1427 Elegiarum
490 1362 596 1428 quae
621 1344 768 1432 quinto
788 1345 996 1431 Propertii
1022 1345 1128 1416 libro
1148 1361 1254 1414 oom-

226 1469 541 1551 prehenduntur
582 1476 623 1539 et
664 1467 951 1551 dispositiones
993 1471 1035 1538 et
1074 1467 1253 1537 rationes

451 1591 685 1678 strophieae
710 1592 1012 1664 describuntur.

266 1843 446 1953 Postquam
468 1871 502 1935 in
521 1872 706 1937 universum
728 1872 902 1938 carminum
923 1877 1102 1936 nostrorum
1127 1870 1295 1936 eonsilium

182 1975 447 2061 significavimus,
477 1997 561 2042 nunc
592 1979 740 2068 quibus
771 1979 966 2063 partibus
998 1997 1140 2042 eorum
1171 1998 1294 2060 argu-

182 2082 1293 2169 mentadistributasintdispositionibusetrationi·

182 2189 503 2275 busstrophicis
528 2191 736 2274 expositis
761 2189 1147 2256 demonstrabimus.
1193 2209 1293 2272 qnare

183 2293 262 2360 haec
278 2296 420 2360 earmina
443 2317 505 2360 non
529 2297 632 2362 solum
648 2297 795 2362 absoluta
811 2296 879 2361 sere
895 2297 1011 2379 omnia,
1035 2294 1093 2360 sed
1110 2296 1207 2360 etiam
1223 2316 1293 2360 ver-

186 2401 274 2466 sibus
290 2407 345 2465 aut
360 2403 501 2468 traiectis
518 2410 574 2467 aut
590 2403 700 2468 eiectis
717 2403 925 2486 probabiliter
950 2400 1120 2467 emendata
1137 2421 1208 2466 esse
1226 2400 1294 2465 fore

186 2526 280 2590 spero
297 2514 331 2572 ut
348 2507 512 2572 evincatur
521 2509 561 2590 *).
593 2529 667 2572 narn
692 2509 725 2574 in
740 2508 937 2595 imperfectis
954 2509 1105 2594 operibus
1122 2508 1294 2573 concinnae

186 2613 572 2697 partesvixinveniuntur
586 2635 692 2698 neque
702 2635 778 2680 casu
794 2613 836 2698 fit,
852 2623 887 2680 ut
896 2615 1022 2680 omissis
1032 2616 1083 2680 vel
1092 2614 1295 2700 transpositis

185 2717 374 2799 quibusdam
404 2718 549 2785 versibus
581 2726 685 2786 certus
715 2720 919 2806 stropharum
946 2720 1024 2786 ordo
1050 2721 1176 2786 evadat.
1220 2741 1295 2785 nam

185 2825 331 2906 quamvis
346 2825 501 2890 incertum
518 2827 700 2892 etiamnunc
717 2826 757 2892 de
774 2827 935 2912 strophiea
944 2834 1102 2892 certorum
1120 2827 1295 2893 carminum

185 2931 386 3012 antiquorum
410 2933 640 3018 compositione
668 2934 708 2998 sit
724 2933 885 3018 iudicium,
909 2939 1017 2998 tamen
1041 2940 1076 3024 uf
1097 2934 1189 2998 nobis
1213 2954 1296 2998 nune

185 3043 282 3121 patet,
298 3038 343 3102 ita
359 3058 399 3102 ne
415 3039 564 3122 antiquos
581 3038 710 3122 quidem
727 3047 838 3124 poetas
855 3041 943 3125 ipsos
960 3039 1082 3123 fugisse
1096 3040 1148 3105 vel
1165 3045 1296 3125 propter

185 3143 396 3227 probabilium
415 3147 635 3230 exemplorum
651 3146 885 3212 multitudinem
903 3145 1115 3232 putandaest.
1146 3146 1295 3210 nimirum

183 3249 280 3332 illam,
297 3250 324 3315 si
340 3251 437 3316 insita
452 3252 573 3335 ingenii
590 3253 622 3319 vi
638 3254 722 3318 necti
739 3259 822 3337 sunt,
839 3272 921 3336 quae
939 3251 1067 3336 quidem
1085 3252 1190 3336 opinio
1207 3273 1295 3335 pror·

183 3377 236 3420 sus
261 3364 347 3422 certe
371 3358 533 3423 reicienda
556 3380 620 3424 non
643 3365 700 3441 est,
731 3365 839 3423 tamen
862 3380 924 3422 non
952 3357 1055 3442 potuit
1078 3356 1148 3422 fieri
1177 3363 1296 3421 utnon

184 3462 478 3529 animadverterent
494 3466 714 3550 etexpolirent
729 3471 940 3529 retractantes
951 3464 1095 3529 carmina
1110 3464 1143 3527 in
1159 3461 1295 3528 schedas

183 3568 334 3633 coniecta.
380 3570 558 3636 sinautem
585 3571 772 3636 scholastico
797 3592 865 3654 usu,
889 3570 978 3636 ouius
1003 3569 1089 3655 apud
1105 3575 1217 3652 poetas
1234 3568 1295 3633 Ro·

182 3694 294 3739 manos
317 3696 396 3760 prae
421 3677 536 3742 ceteris
561 3697 713 3760 magnum
745 3682 815 3742 erat
835 3681 1050 3760 momentum,
1081 3676 1134 3741 vel
1164 3680 1296 3759 propter

181 3779 311 3846 modum
328 3788 360 3846 et
375 3802 534 3866 numeros,
551 3782 666 3864 quibus
675 3782 862 3864 aequabiles
872 3782 1046 3846 carminum
1056 3787 1165 3864 partes
1174 3780 1296 3844 maiore

182 3887 289 3970 gratia
304 3893 465 3973 aptantur,
479 3888 567 3952 illam
584 3887 715 3973 proprio
732 3886 837 3952 studio
853 3886 1056 3971 affectabant,
1076 3884 1182 3968 magis
1199 3885 1296 3950 etiam

181 3974 223 4038 ad
246 3982 388 4040 nostram
413 3975 454 4042 de
482 3975 628 4060 perfecta
652 3981 684 4041 et
707 3975 854 4041 absoluta
884 3973 996 4040 horum
1025 3974 1201 4039 carminum
1226 3980 1295 4039 arte

181 4081 371 4146 sententiam
381 4081 615 4148 defendendam
629 4083 683 4146 ubi
699 4080 998 4148 inveniturconfcrt.
1029 4088 1170 4148 ceterum
1186 4088 1296 4147 nostra

252 4260 278 4327 *i
291 4260 369 4315 Haeo
380 4263 472 4314 autem
489 4259 530 4314 ita
548 4258 637 4328 accipi
656 4259 721 4313 nolo
740 4259 821 4328 quasi
839 4258 983 4328 quaesitae
1002 4257 1194 4328 responsionis
1212 4271 1296 4314 eausa

179 4363 302 4421 unquam
314 4363 413 4408 vorem
426 4353 475 4406 aut
488 4347 661 4406 damnandos
674 4353 724 4404 aut
735 4347 963 4421 transponendus
976 4362 1111 4421 carmam.
