3258 5168
858 497 878 567 2

311 672 441 748 datione
457 676 605 768 exposita
621 680 662 748 de
685 679 878 746 emendandi
901 679 995 746 huius
1016 680 1089 744 libri
1110 679 1233 746 ratione
1256 680 1425 747 disseram.

307 794 374 850 tum
391 787 559 853 consilium
576 784 662 869 quod
677 787 711 850 in
726 785 776 851 his
793 786 987 850 carminibus
1001 785 1230 870 componendis
1239 793 1367 852 secutus
1384 787 1426 851 sit

307 900 405 978 poeta
421 892 600 978 explicabo.
646 890 764 956 deinde
787 911 897 956 eorum
922 897 955 956 et
976 888 1202 973 dispositiones
1226 897 1258 955 et
1281 891 1424 956 rationes

307 997 486 1083 strophicas
516 1003 573 1061 aut
602 997 760 1080 exemplis
791 997 965 1080 propositis
1000 996 1169 1061 illustrabo
1196 1002 1253 1060 aut
1282 997 1425 1062 breviter

307 1102 503 1185 significabo.
556 1109 671 1187 postea
699 1107 827 1187 tempus
856 1123 919 1184 quo
948 1102 1076 1184 singula
1107 1103 1250 1165 carmina
1278 1101 1425 1167 confecta

307 1208 478 1274 videantur
493 1209 674 1274 accuratius
690 1206 850 1274 definiam.
881 1207 1019 1288 denique
1035 1207 1076 1272 dc
1092 1207 1186 1272 huius
1202 1207 1275 1271 libri
1292 1213 1424 1272 auctore

308 1316 531 1396 quaestionem
553 1315 727 1380 instituam.
773 1313 938 1399 composui
960 1319 1070 1377 autem
1092 1311 1176 1376 hunc
1198 1313 1344 1377 libellum
1358 1314 1423 1378 iam

307 1420 446 1504 proximi
470 1421 546 1484 anni
562 1425 696 1503 aestate,
719 1426 754 1483 ut
776 1440 918 1485 summos
940 1419 973 1482 in
989 1417 1190 1503 philosophia
1209 1417 1347 1483 honores
1362 1419 1424 1483 rite

306 1526 514 1610 impetrarem
538 1545 580 1591 ex
603 1525 793 1589 auctoritato
817 1524 1009 1608 amplissimi
1024 1522 1285 1607 philosophorum
1301 1523 1334 1586 in
1350 1543 1423 1587 aca-

309 1631 418 1696 demia
441 1631 623 1697 Christiana
647 1630 813 1695 Alber·tina
836 1631 1017 1695 Kilonicnsi
1045 1628 1175 1694 ordinis.
1221 1648 1242 1692 a
1265 1649 1328 1710 quo
1351 1649 1424 1693 cum

307 1737 462 1822 probatus
478 1738 528 1820 sit,
543 1756 627 1800 nuno
643 1755 717 1800 eum
733 1735 881 1800 secundis
890 1735 974 1800 curis
986 1741 1195 1799 retractatum
1211 1734 1245 1797 in
1260 1734 1423 1817 publicum

307 1843 435 1924 emitto;
469 1861 627 1925 speroque
656 1840 725 1906 fore
756 1846 791 1904 ut
812 1848 1056 1925 praeceptorum
1080 1840 1315 1904 Kilonicnsium
1344 1859 1424 1921 quos

307 1967 437 2032 semper
451 1948 507 2032 pia
522 1949 679 2012 memoria
694 1949 797 2012 oolam
813 1946 985 2031 disciplina
1008 1966 1071 2010 non
1091 1944 1242 2028 indignus
1258 1945 1424 2011 habeatur.

380 2124 509 2188 oasam
524 2124 657 2209 Lipsiae
673 2143 701 2188 a
717 2122 747 2187 o.
762 2123 833 2188 xv.
849 2123 916 2188 oar.
936 2122 1028 2187 naa.
1044 2143 1073 2186 a.
1089 2097 1351 2186 noooonxrx.
