<?xml version="1.0" encoding="UTF-8"?>
<!DOCTYPE html PUBLIC "-//W3C//DTD XHTML 1.0 Transitional//EN"
    "http://www.w3.org/TR/xhtml1/DTD/xhtml1-transitional.dtd">
<html xmlns="http://www.w3.org/1999/xhtml" xml:lang="en" lang="en">
 <head>
  <title>
</title>
<meta http-equiv="Content-Type" content="text/html;charset=utf-8" />
  <meta name='ocr-system' content='tesseract 3.04.00' />
  <meta name='ocr-capabilities' content='ocr_page ocr_carea ocr_par ocr_line ocrx_word'/>
</head>
<body>
  <div class='ocr_page' id='page_1' title='image "./commentationesp00propgoog_0101.png"; bbox 0 0 3226 5162; ppageno 0'>
   <div class='ocr_carea' id='block_1_1' title="bbox 438 1523 1374 1765">
    <p class='ocr_par' dir='ltr' id='par_1_1' title="bbox 438 1523 1374 1765">
     <span class='ocr_line' id='line_1_1' title="bbox 438 1523 1374 1638; baseline 0.006 -16"><span class='ocrx_word' id='word_1_1' title='bbox 438 1553 539 1632; x_wconf 78' lang='lat' dir='ltr'>Quis</span> <span class='ocrx_word' id='word_1_2' title='bbox 567 1523 665 1622; x_wconf 83' lang='lat' dir='ltr'>libri</span> <span class='ocrx_word' id='word_1_3' title='bbox 690 1554 825 1636; x_wconf 88' lang='lat' dir='ltr'>quinti</span> <span class='ocrx_word' id='word_1_4' title='bbox 851 1557 1113 1638; x_wconf 86' lang='lat' dir='ltr'>Propertiani</span> <span class='ocrx_word' id='word_1_5' title='bbox 1144 1557 1199 1630; x_wconf 87' lang='lat' dir='ltr'>sit</span> <span class='ocrx_word' id='word_1_6' title='bbox 1227 1562 1374 1628; x_wconf 79' lang='lat' dir='ltr'>auctor</span> 
     </span>
     <span class='ocr_line' id='line_1_2' title="bbox 790 1680 1016 1765; baseline 0.004 -16"><span class='ocrx_word' id='word_1_7' title='bbox 790 1680 1016 1765; x_wconf 84' lang='lat' dir='ltr'>quaeritur.</span> 
     </span>
    </p>
   </div>
   <div class='ocr_carea' id='block_1_2' title="bbox 430 1947 1592 2060">
    <p class='ocr_par' dir='ltr' id='par_1_2' title="bbox 430 1947 1592 2060">
     <span class='ocr_line' id='line_1_3' title="bbox 430 1947 1592 2060; baseline -0.002 -16"><span class='ocrx_word' id='word_1_8' title='bbox 430 1947 1466 2060; x_wconf 80' lang='lat' dir='ltr'>Restatutdiiudieemuslibriquintiearminaomnia</span> <span class='ocrx_word' id='word_1_9' title='bbox 1591 2015 1592 2020; x_wconf 21' lang='grc' dir='ltr'><strong>κ</strong></span> 
     </span>
    </p>
   </div>
   <div class='ocr_carea' id='block_1_3' title="bbox 348 2081 1466 2170">
    <p class='ocr_par' dir='ltr' id='par_1_3' title="bbox 348 2081 1466 2170">
     <span class='ocr_line' id='line_1_4' title="bbox 348 2081 1466 2170; baseline 0.005 -26"><span class='ocrx_word' id='word_1_10' title='bbox 348 2081 607 2167; x_wconf 87' lang='lat' dir='ltr'>aPropertio</span> <span class='ocrx_word' id='word_1_11' title='bbox 625 2087 742 2147; x_wconf 87' lang='lat' dir='ltr'>oerte</span> <span class='ocrx_word' id='word_1_12' title='bbox 757 2102 847 2166; x_wconf 83' lang='lat' dir='ltr'>non,</span> <span class='ocrx_word' id='word_1_13' title='bbox 863 2081 1052 2148; x_wconf 88' lang='lat' dir='ltr'>fortasse</span> <span class='ocrx_word' id='word_1_14' title='bbox 1069 2104 1088 2148; x_wconf 97' lang='lat' dir='ltr'>a</span> <span class='ocrx_word' id='word_1_15' title='bbox 1104 2082 1300 2149; x_wconf 84' lang='lat' dir='ltr'>Passenno</span> <span class='ocrx_word' id='word_1_16' title='bbox 1315 2083 1466 2170; x_wconf 81' lang='lat' dir='ltr'>Paullo,</span> 
     </span>
    </p>
   </div>
   <div class='ocr_carea' id='block_1_4' title="bbox 348 2188 1592 2275">
    <p class='ocr_par' dir='ltr' id='par_1_4' title="bbox 348 2188 1592 2275">
     <span class='ocr_line' id='line_1_5' title="bbox 348 2188 1592 2275; baseline 0.004 -24"><span class='ocrx_word' id='word_1_17' title='bbox 348 2188 481 2254; x_wconf 89' lang='lat' dir='ltr'>Plinii</span> <span class='ocrx_word' id='word_1_18' title='bbox 512 2189 687 2254; x_wconf 91' lang='lat' dir='ltr'>minoris</span> <span class='ocrx_word' id='word_1_19' title='bbox 712 2188 903 2272; x_wconf 89' lang='lat' dir='ltr'>aequali,</span> <span class='ocrx_word' id='word_1_20' title='bbox 928 2190 1172 2275; x_wconf 88' lang='lat' dir='ltr'>eonsoripta</span> <span class='ocrx_word' id='word_1_21' title='bbox 1203 2209 1297 2255; x_wconf 88' lang='lat' dir='ltr'>esse</span> <span class='ocrx_word' id='word_1_22' title='bbox 1327 2197 1466 2256; x_wconf 86' lang='lat' dir='ltr'>utrum</span> <span class='ocrx_word' id='word_1_23' title='bbox 1591 2249 1592 2256; x_wconf 74' lang='grc'>,</span> 
     </span>
    </p>
   </div>
   <div class='ocr_carea' id='block_1_5' title="bbox 348 2294 1465 2378">
    <p class='ocr_par' dir='ltr' id='par_1_5' title="bbox 348 2294 1592 2384">
     <span class='ocr_line' id='line_1_6' title="bbox 348 2294 1465 2378; baseline -0.002 -16"><span class='ocrx_word' id='word_1_24' title='bbox 348 2294 1465 2378; x_wconf 82' lang='lat' dir='ltr'>eertisargumentisdemonstraveritantemereoon·</span> 
     </span>
    </p>
   </div>
   <div class='ocr_carea' id='block_1_6' title="bbox 347 2400 1465 2594">
    <p class='ocr_par' dir='ltr' id='par_1_6' title="bbox 347 2400 1465 2594">
     <span class='ocr_line' id='line_1_7' title="bbox 347 2400 1465 2489; baseline 0.001 -21"><span class='ocrx_word' id='word_1_25' title='bbox 347 2403 501 2470; x_wconf 86' lang='lat' dir='ltr'>ieeerit</span> <span class='ocrx_word' id='word_1_26' title='bbox 528 2400 843 2468; x_wconf 87' lang='lat' dir='ltr'>Heimreiehius</span> <span class='ocrx_word' id='word_1_27' title='bbox 870 2400 903 2466; x_wconf 91' lang='lat' dir='ltr'>in</span> <span class='ocrx_word' id='word_1_28' title='bbox 935 2401 1038 2486; x_wconf 83' lang='lat' dir='ltr'><strong>symb.</strong></span> <span class='ocrx_word' id='word_1_29' title='bbox 1062 2401 1113 2487; x_wconf 84' lang='lat' dir='ltr'>ph.</span> <span class='ocrx_word' id='word_1_30' title='bbox 1129 2403 1164 2466; x_wconf 90' lang='lat' dir='ltr'>B.</span> <span class='ocrx_word' id='word_1_31' title='bbox 1181 2425 1235 2489; x_wconf 91' lang='lat' dir='ltr'>pp.</span> <span class='ocrx_word' id='word_1_32' title='bbox 1252 2407 1465 2470; x_wconf 86' lang='grc'><strong>674-679.</strong></span> 
     </span>
     <span class='ocr_line' id='line_1_8' title="bbox 347 2506 1462 2594; baseline 0.002 -21"><span class='ocrx_word' id='word_1_33' title='bbox 347 2509 435 2574; x_wconf 86' lang='lat' dir='ltr'>euius</span> <span class='ocrx_word' id='word_1_34' title='bbox 451 2507 582 2592; x_wconf 87' lang='lat' dir='ltr'>qnidam</span> <span class='ocrx_word' id='word_1_35' title='bbox 598 2506 801 2574; x_wconf 77' lang='lat' dir='ltr'>ratiocinatio</span> <span class='ocrx_word' id='word_1_36' title='bbox 818 2507 993 2592; x_wconf 89' lang='lat' dir='ltr'>Hauptium</span> <span class='ocrx_word' id='word_1_37' title='bbox 1009 2528 1073 2573; x_wconf 89' lang='lat' dir='ltr'>non</span> <span class='ocrx_word' id='word_1_38' title='bbox 1089 2506 1232 2594; x_wconf 81' lang='lat' dir='ltr'>adduxit,</span> <span class='ocrx_word' id='word_1_39' title='bbox 1255 2515 1289 2574; x_wconf 89' lang='lat' dir='ltr'>ut</span> <span class='ocrx_word' id='word_1_40' title='bbox 1304 2510 1338 2573; x_wconf 91' lang='lat' dir='ltr'>in</span> <span class='ocrx_word' id='word_1_41' title='bbox 1353 2509 1462 2575; x_wconf 89' lang='lat' dir='ltr'>novis-</span> 
     </span>
    </p>
   </div>
   <div class='ocr_carea' id='block_1_7' title="bbox 345 2613 1462 2788">
    <p class='ocr_par' dir='ltr' id='par_1_7' title="bbox 345 2613 1462 2788">
     <span class='ocr_line' id='line_1_9' title="bbox 346 2613 1462 2700; baseline 0 -19"><span class='ocrx_word' id='word_1_42' title='bbox 346 2615 429 2682; x_wconf 87' lang='lat' dir='ltr'>sima</span> <span class='ocrx_word' id='word_1_43' title='bbox 446 2635 505 2680; x_wconf 89' lang='lat' dir='ltr'>sua</span> <span class='ocrx_word' id='word_1_44' title='bbox 520 2613 661 2682; x_wconf 84' lang='lat' dir='ltr'>editione</span> <span class='ocrx_word' id='word_1_45' title='bbox 676 2613 757 2681; x_wconf 83' lang='lat' dir='ltr'>haee</span> <span class='ocrx_word' id='word_1_46' title='bbox 772 2613 933 2700; x_wconf 80' lang='lat' dir='ltr'>Propertii</span> <span class='ocrx_word' id='word_1_47' title='bbox 948 2635 1011 2680; x_wconf 90' lang='lat' dir='ltr'>non</span> <span class='ocrx_word' id='word_1_48' title='bbox 1029 2634 1100 2682; x_wconf 86' lang='lat' dir='ltr'>esse</span> <span class='ocrx_word' id='word_1_49' title='bbox 1121 2615 1229 2700; x_wconf 87' lang='lat' dir='ltr'>aliquo</span> <span class='ocrx_word' id='word_1_50' title='bbox 1251 2613 1345 2680; x_wconf 91' lang='lat' dir='ltr'>modo</span> <span class='ocrx_word' id='word_1_51' title='bbox 1362 2615 1462 2700; x_wconf 83' lang='lat' dir='ltr'>signi-</span> 
     </span>
     <span class='ocr_line' id='line_1_10' title="bbox 345 2715 1140 2788; baseline 0.001 -2"><span class='ocrx_word' id='word_1_52' title='bbox 345 2720 465 2788; x_wconf 81' lang='lat' dir='ltr'>ficaret.</span> <span class='ocrx_word' id='word_1_53' title='bbox 1137 2715 1140 2720; x_wconf 70' lang='grc'><strong>’</strong></span> 
     </span>
    </p>
   </div>
   <div class='ocr_carea' id='block_1_8' title="bbox 343 2844 1463 4424">
    <p class='ocr_par' dir='ltr' id='par_1_8' title="bbox 343 2844 1463 4424">
     <span class='ocr_line' id='line_1_11' title="bbox 433 2844 1461 2944; baseline 0.001 -34"><span class='ocrx_word' id='word_1_54' title='bbox 433 2845 629 2932; x_wconf 83' lang='lat' dir='ltr'>Etperse</span> <span class='ocrx_word' id='word_1_55' title='bbox 646 2844 1056 2930; x_wconf 87' lang='lat' dir='ltr'>minimeprobabile</span> <span class='ocrx_word' id='word_1_56' title='bbox 1073 2850 1138 2944; x_wconf 77' lang='lat' dir='ltr'>est</span> <span class='ocrx_word' id='word_1_57' title='bbox 1162 2846 1208 2912; x_wconf 88' lang='lat' dir='ltr'>ab</span> <span class='ocrx_word' id='word_1_58' title='bbox 1225 2846 1461 2931; x_wconf 83' lang='lat' dir='ltr'>interpola-</span> 
     </span>
     <span class='ocr_line' id='line_1_12' title="bbox 345 2950 1463 3036; baseline 0.002 -19"><span class='ocrx_word' id='word_1_59' title='bbox 345 2960 431 3018; x_wconf 85' lang='lat' dir='ltr'>tore</span> <span class='ocrx_word' id='word_1_60' title='bbox 455 2952 647 3036; x_wconf 87' lang='lat' dir='ltr'>quodam,</span> <span class='ocrx_word' id='word_1_61' title='bbox 671 2952 709 3018; x_wconf 91' lang='lat' dir='ltr'>si</span> <span class='ocrx_word' id='word_1_62' title='bbox 734 2950 898 3036; x_wconf 89' lang='lat' dir='ltr'>quidem</span> <span class='ocrx_word' id='word_1_63' title='bbox 913 2952 990 3020; x_wconf 84' lang='lat' dir='ltr'>illo</span> <span class='ocrx_word' id='word_1_64' title='bbox 1014 2951 1250 3018; x_wconf 85' lang='lat' dir='ltr'>utfalleret</span> <span class='ocrx_word' id='word_1_65' title='bbox 1273 2953 1463 3019; x_wconf 86' lang='lat' dir='ltr'>leotores</span> 
     </span>
     <span class='ocr_line' id='line_1_13' title="bbox 346 3057 1462 3145; baseline -0.001 -21"><span class='ocrx_word' id='word_1_66' title='bbox 346 3057 718 3144; x_wconf 85' lang='lat' dir='ltr'>egisseputandus</span> <span class='ocrx_word' id='word_1_67' title='bbox 742 3059 811 3144; x_wconf 89' lang='lat' dir='ltr'>sit,</span> <span class='ocrx_word' id='word_1_68' title='bbox 832 3057 1059 3145; x_wconf 85' lang='lat' dir='ltr'>Propertio</span> <span class='ocrx_word' id='word_1_69' title='bbox 1082 3058 1155 3125; x_wconf 88' lang='lat' dir='ltr'>has</span> <span class='ocrx_word' id='word_1_70' title='bbox 1181 3059 1348 3142; x_wconf 84' lang='lat' dir='ltr'>elegias</span> <span class='ocrx_word' id='word_1_71' title='bbox 1365 3080 1462 3145; x_wconf 91' lang='lat' dir='ltr'>sup-</span> 
     </span>
     <span class='ocr_line' id='line_1_14' title="bbox 345 3163 1461 3251; baseline -0.001 -21"><span class='ocrx_word' id='word_1_72' title='bbox 345 3165 508 3251; x_wconf 88' lang='lat' dir='ltr'>positas</span> <span class='ocrx_word' id='word_1_73' title='bbox 524 3184 626 3230; x_wconf 88' lang='lat' dir='ltr'>esse.</span> <span class='ocrx_word' id='word_1_74' title='bbox 658 3185 733 3229; x_wconf 88' lang='lat' dir='ltr'>nam</span> <span class='ocrx_word' id='word_1_75' title='bbox 743 3163 798 3248; x_wconf 91' lang='lat' dir='ltr'>qui</span> <span class='ocrx_word' id='word_1_76' title='bbox 805 3170 933 3248; x_wconf 87' lang='lat' dir='ltr'>poterat</span> <span class='ocrx_word' id='word_1_77' title='bbox 946 3164 1002 3230; x_wconf 92' lang='lat' dir='ltr'>ille</span> <span class='ocrx_word' id='word_1_78' title='bbox 1011 3164 1184 3231; x_wconf 79' lang='lat' dir='ltr'>lenioribus</span> <span class='ocrx_word' id='word_1_79' title='bbox 1193 3185 1228 3231; x_wconf 89' lang='lat' dir='ltr'>se</span> <span class='ocrx_word' id='word_1_80' title='bbox 1237 3165 1461 3250; x_wconf 87' lang='lat' dir='ltr'>impositurum</span> 
     </span>
     <span class='ocr_line' id='line_1_15' title="bbox 346 3270 1461 3358; baseline -0.001 -20"><span class='ocrx_word' id='word_1_81' title='bbox 346 3292 418 3338; x_wconf 89' lang='lat' dir='ltr'>esse</span> <span class='ocrx_word' id='word_1_82' title='bbox 434 3291 568 3358; x_wconf 88' lang='lat' dir='ltr'>sperare</span> <span class='ocrx_word' id='word_1_83' title='bbox 589 3271 742 3337; x_wconf 86' lang='lat' dir='ltr'>eonfeetis</span> <span class='ocrx_word' id='word_1_84' title='bbox 765 3271 907 3336; x_wconf 81' lang='lat' dir='ltr'>maxime</span> <span class='ocrx_word' id='word_1_85' title='bbox 931 3271 1044 3355; x_wconf 84' lang='lat' dir='ltr'>elegiis</span> <span class='ocrx_word' id='word_1_86' title='bbox 1068 3270 1307 3356; x_wconf 80' lang='lat' dir='ltr'>topographieis</span> <span class='ocrx_word' id='word_1_87' title='bbox 1331 3277 1363 3337; x_wconf 87' lang='lat' dir='ltr'>et</span> <span class='ocrx_word' id='word_1_88' title='bbox 1380 3272 1461 3337; x_wconf 90' lang='lat' dir='ltr'>anti-</span> 
     </span>
     <span class='ocr_line' id='line_1_16' title="bbox 346 3377 1461 3464; baseline 0.001 -23"><span class='ocrx_word' id='word_1_89' title='bbox 346 3378 467 3461; x_wconf 88' lang='lat' dir='ltr'>quariis</span> <span class='ocrx_word' id='word_1_90' title='bbox 477 3378 529 3443; x_wconf 90' lang='lat' dir='ltr'>vel</span> <span class='ocrx_word' id='word_1_91' title='bbox 542 3378 681 3463; x_wconf 83' lang='lat' dir='ltr'>epistula</span> <span class='ocrx_word' id='word_1_92' title='bbox 689 3378 825 3464; x_wconf 79' lang='lat' dir='ltr'>poetica,</span> <span class='ocrx_word' id='word_1_93' title='bbox 843 3377 957 3460; x_wconf 89' lang='lat' dir='ltr'>quibus</span> <span class='ocrx_word' id='word_1_94' title='bbox 966 3397 1248 3459; x_wconf 85' lang='lat' dir='ltr'>nunquamverum</span> <span class='ocrx_word' id='word_1_95' title='bbox 1257 3378 1461 3461; x_wconf 88' lang='lat' dir='ltr'>Propertium</span> 
     </span>
     <span class='ocr_line' id='line_1_17' title="bbox 346 3481 1461 3569; baseline 0.001 -21"><span class='ocrx_word' id='word_1_96' title='bbox 346 3504 478 3569; x_wconf 89' lang='lat' dir='ltr'>operam</span> <span class='ocrx_word' id='word_1_97' title='bbox 494 3482 623 3550; x_wconf 83' lang='lat' dir='ltr'>dedisse</span> <span class='ocrx_word' id='word_1_98' title='bbox 640 3489 691 3549; x_wconf 89' lang='lat' dir='ltr'>sat</span> <span class='ocrx_word' id='word_1_99' title='bbox 706 3484 797 3548; x_wconf 89' lang='lat' dir='ltr'>multi</span> <span class='ocrx_word' id='word_1_100' title='bbox 813 3483 948 3550; x_wconf 78' lang='lat' dir='ltr'>scivisse</span> <span class='ocrx_word' id='word_1_101' title='bbox 972 3481 1125 3548; x_wconf 81' lang='lat' dir='ltr'>censendi</span> <span class='ocrx_word' id='word_1_102' title='bbox 1141 3482 1237 3548; x_wconf 79' lang='lat' dir='ltr'>sunt?</span> <span class='ocrx_word' id='word_1_103' title='bbox 1275 3483 1374 3548; x_wconf 90' lang='lat' dir='ltr'>tutius</span> <span class='ocrx_word' id='word_1_104' title='bbox 1390 3491 1461 3549; x_wconf 85' lang='lat' dir='ltr'>erat</span> 
     </span>
     <span class='ocr_line' id='line_1_18' title="bbox 345 3589 1460 3676; baseline 0.001 -21"><span class='ocrx_word' id='word_1_105' title='bbox 345 3589 566 3676; x_wconf 87' lang='lat' dir='ltr'>interpolatori</span> <span class='ocrx_word' id='word_1_106' title='bbox 590 3591 706 3674; x_wconf 84' lang='lat' dir='ltr'>elegiis</span> <span class='ocrx_word' id='word_1_107' title='bbox 731 3589 906 3674; x_wconf 86' lang='lat' dir='ltr'>amatoriis,</span> <span class='ocrx_word' id='word_1_108' title='bbox 931 3589 1046 3674; x_wconf 91' lang='lat' dir='ltr'>quibus</span> <span class='ocrx_word' id='word_1_109' title='bbox 1069 3594 1162 3654; x_wconf 90' lang='lat' dir='ltr'>notus</span> <span class='ocrx_word' id='word_1_110' title='bbox 1179 3595 1248 3654; x_wconf 90' lang='lat' dir='ltr'>erat</span> <span class='ocrx_word' id='word_1_111' title='bbox 1264 3609 1359 3656; x_wconf 89' lang='lat' dir='ltr'>verus</span> <span class='ocrx_word' id='word_1_112' title='bbox 1383 3589 1460 3656; x_wconf 93' lang='lat' dir='ltr'>Pro-</span> 
     </span>
     <span class='ocr_line' id='line_1_19' title="bbox 345 3694 1460 3782; baseline 0 -22"><span class='ocrx_word' id='word_1_113' title='bbox 345 3696 478 3782; x_wconf 82' lang='lat' dir='ltr'>pertius,</span> <span class='ocrx_word' id='word_1_114' title='bbox 494 3694 664 3781; x_wconf 79' lang='lat' dir='ltr'>Cynthiam</span> <span class='ocrx_word' id='word_1_115' title='bbox 688 3703 828 3762; x_wconf 86' lang='lat' dir='ltr'>eantare.</span> <span class='ocrx_word' id='word_1_116' title='bbox 874 3701 1044 3778; x_wconf 89' lang='lat' dir='ltr'>praeterea</span> <span class='ocrx_word' id='word_1_117' title='bbox 1066 3715 1143 3760; x_wconf 91' lang='lat' dir='ltr'>num</span> <span class='ocrx_word' id='word_1_118' title='bbox 1158 3701 1224 3762; x_wconf 88' lang='lat' dir='ltr'>tam</span> <span class='ocrx_word' id='word_1_119' title='bbox 1239 3695 1460 3782; x_wconf 87' lang='lat' dir='ltr'>impudentem</span> 
     </span>
     <span class='ocr_line' id='line_1_20' title="bbox 344 3800 1461 3887; baseline 0 -21"><span class='ocrx_word' id='word_1_120' title='bbox 344 3801 444 3869; x_wconf 81' lang='lat' dir='ltr'>fuisse</span> <span class='ocrx_word' id='word_1_121' title='bbox 459 3802 549 3867; x_wconf 92' lang='lat' dir='ltr'>illum</span> <span class='ocrx_word' id='word_1_122' title='bbox 559 3802 680 3886; x_wconf 85' lang='lat' dir='ltr'>eredes,</span> <span class='ocrx_word' id='word_1_123' title='bbox 697 3807 731 3867; x_wconf 89' lang='lat' dir='ltr'>ut</span> <span class='ocrx_word' id='word_1_124' title='bbox 739 3822 839 3887; x_wconf 88' lang='lat' dir='ltr'>opera</span> <span class='ocrx_word' id='word_1_125' title='bbox 847 3822 910 3866; x_wconf 93' lang='lat' dir='ltr'>non</span> <span class='ocrx_word' id='word_1_126' title='bbox 918 3800 1067 3868; x_wconf 88' lang='lat' dir='ltr'>absoluta</span> <span class='ocrx_word' id='word_1_127' title='bbox 1075 3801 1163 3866; x_wconf 88' lang='lat' dir='ltr'>velut</span> <span class='ocrx_word' id='word_1_128' title='bbox 1178 3802 1387 3886; x_wconf 84' lang='lat' dir='ltr'>periegeseos</span> <span class='ocrx_word' id='word_1_129' title='bbox 1402 3803 1461 3866; x_wconf 87' lang='lat' dir='ltr'>illa</span> 
     </span>
     <span class='ocr_line' id='line_1_21' title="bbox 345 3904 1460 3992; baseline 0 -20"><span class='ocrx_word' id='word_1_130' title='bbox 345 3909 528 3992; x_wconf 85' lang='lat' dir='ltr'>fragmenta</span> <span class='ocrx_word' id='word_1_131' title='bbox 552 3915 583 3974; x_wconf 88' lang='lat' dir='ltr'>et</span> <span class='ocrx_word' id='word_1_132' title='bbox 607 3929 704 3974; x_wconf 85' lang='lat' dir='ltr'>earm.</span> <span class='ocrx_word' id='word_1_133' title='bbox 729 3908 767 3992; x_wconf 87' lang='lat' dir='ltr'>V,</span> <span class='ocrx_word' id='word_1_134' title='bbox 802 3912 838 3971; x_wconf 91' lang='lat' dir='ltr'>ll</span> <span class='ocrx_word' id='word_1_135' title='bbox 865 3907 1012 3972; x_wconf 85' lang='lat' dir='ltr'>emittere</span> <span class='ocrx_word' id='word_1_136' title='bbox 1035 3904 1194 3973; x_wconf 75' lang='lat' dir='ltr'>auderet?</span> <span class='ocrx_word' id='word_1_137' title='bbox 1240 3927 1281 3971; x_wconf 89' lang='lat' dir='ltr'>an</span> <span class='ocrx_word' id='word_1_138' title='bbox 1304 3907 1460 3992; x_wconf 81' lang='lat' dir='ltr'>impostor</span> 
     </span>
     <span class='ocr_line' id='line_1_22' title="bbox 344 4012 1459 4098; baseline -0.002 -18"><span class='ocrx_word' id='word_1_139' title='bbox 344 4016 439 4081; x_wconf 90' lang='lat' dir='ltr'>nimis</span> <span class='ocrx_word' id='word_1_140' title='bbox 449 4015 584 4081; x_wconf 78' lang='lat' dir='ltr'>callidus</span> <span class='ocrx_word' id='word_1_141' title='bbox 593 4014 675 4080; x_wconf 85' lang='lat' dir='ltr'>haee</span> <span class='ocrx_word' id='word_1_142' title='bbox 689 4016 724 4078; x_wconf 91' lang='lat' dir='ltr'>in</span> <span class='ocrx_word' id='word_1_143' title='bbox 732 4020 848 4098; x_wconf 88' lang='lat' dir='ltr'>poetae</span> <span class='ocrx_word' id='word_1_144' title='bbox 862 4012 987 4080; x_wconf 84' lang='lat' dir='ltr'>seriniis</span> <span class='ocrx_word' id='word_1_145' title='bbox 1002 4012 1191 4097; x_wconf 82' lang='lat' dir='ltr'>imperfecta</span> <span class='ocrx_word' id='word_1_146' title='bbox 1207 4033 1279 4078; x_wconf 88' lang='lat' dir='ltr'>sese</span> <span class='ocrx_word' id='word_1_147' title='bbox 1294 4013 1459 4079; x_wconf 86' lang='lat' dir='ltr'>invenisse</span> 
     </span>
     <span class='ocr_line' id='line_1_23' title="bbox 344 4117 1460 4203; baseline -0.004 -15"><span class='ocrx_word' id='word_1_148' title='bbox 344 4121 548 4188; x_wconf 75' lang='lat' dir='ltr'>enuntiavit?</span> <span class='ocrx_word' id='word_1_149' title='bbox 579 4127 739 4203; x_wconf 88' lang='lat' dir='ltr'>uteunque</span> <span class='ocrx_word' id='word_1_150' title='bbox 754 4119 838 4184; x_wconf 87' lang='lat' dir='ltr'>hane</span> <span class='ocrx_word' id='word_1_151' title='bbox 848 4117 1067 4186; x_wconf 76' lang='lat' dir='ltr'>difficultatem</span> <span class='ocrx_word' id='word_1_152' title='bbox 1077 4119 1221 4202; x_wconf 85' lang='lat' dir='ltr'>effugere</span> <span class='ocrx_word' id='word_1_153' title='bbox 1238 4117 1357 4203; x_wconf 87' lang='lat' dir='ltr'>studes,</span> <span class='ocrx_word' id='word_1_154' title='bbox 1373 4118 1460 4184; x_wconf 85' lang='lat' dir='ltr'>aliae</span> 
     </span>
     <span class='ocr_line' id='line_1_24' title="bbox 344 4223 1459 4309; baseline -0.004 -14"><span class='ocrx_word' id='word_1_155' title='bbox 344 4229 545 4295; x_wconf 78' lang='lat' dir='ltr'>coniecturae</span> <span class='ocrx_word' id='word_1_156' title='bbox 569 4226 641 4292; x_wconf 87' lang='lat' dir='ltr'>aliis</span> <span class='ocrx_word' id='word_1_157' title='bbox 659 4227 769 4309; x_wconf 87' lang='lat' dir='ltr'>eisque</span> <span class='ocrx_word' id='word_1_158' title='bbox 789 4225 875 4291; x_wconf 91' lang='lat' dir='ltr'>nullo</span> <span class='ocrx_word' id='word_1_159' title='bbox 892 4223 1100 4291; x_wconf 78' lang='lat' dir='ltr'>fundamento</span> <span class='ocrx_word' id='word_1_160' title='bbox 1116 4225 1229 4292; x_wconf 88' lang='lat' dir='ltr'>innisis</span> <span class='ocrx_word' id='word_1_161' title='bbox 1246 4224 1459 4290; x_wconf 83' lang='lat' dir='ltr'>cumulandae</span> 
     </span>
     <span class='ocr_line' id='line_1_25' title="bbox 343 4330 1457 4424; baseline -0.003 -25"><span class='ocrx_word' id='word_1_162' title='bbox 343 4335 401 4400; x_wconf 92' lang='lat' dir='ltr'>tibi</span> <span class='ocrx_word' id='word_1_163' title='bbox 418 4339 498 4401; x_wconf 87' lang='lat' dir='ltr'>sunt.</span> <span class='ocrx_word' id='word_1_164' title='bbox 543 4351 683 4416; x_wconf 85' lang='lat' dir='ltr'>namque</span> <span class='ocrx_word' id='word_1_165' title='bbox 699 4331 882 4399; x_wconf 87' lang='lat' dir='ltr'>Passennus</span> <span class='ocrx_word' id='word_1_166' title='bbox 898 4330 1039 4424; x_wconf 87' lang='lat' dir='ltr'>Paullus,</span> <span class='ocrx_word' id='word_1_167' title='bbox 1063 4331 1118 4416; x_wconf 89' lang='lat' dir='ltr'>qui</span> <span class='ocrx_word' id='word_1_168' title='bbox 1140 4337 1175 4398; x_wconf 92' lang='lat' dir='ltr'>ut</span> <span class='ocrx_word' id='word_1_169' title='bbox 1197 4339 1346 4413; x_wconf 64' lang='lat' dir='ltr'>manicam</span> <span class='ocrx_word' id='word_1_170' title='bbox 1361 4338 1394 4397; x_wconf 87' lang='lat' dir='ltr'>et</span> <span class='ocrx_word' id='word_1_171' title='bbox 1409 4353 1457 4396; x_wconf 79' lang='lat' dir='ltr'>so—</span> 
     </span>
    </p>
   </div>
   <div class='ocr_carea' id='block_1_9' title="bbox 0 0 1618 5162">
    <p class='ocr_par' dir='ltr' id='par_1_9' title="bbox 0 0 1618 5162">
     <span class='ocr_line' id='line_1_26' title="bbox 0 0 1618 5162; baseline 0 3"><span class='ocrx_word' id='word_1_172' title='bbox 0 0 1618 5162; x_wconf 95' lang='lat' dir='ltr'> </span> 
     </span>
    </p>
   </div>
  </div>
 </body>
</html>
