3258 5168
824 383 841 442 8

275 556 415 637 possunt.
454 551 613 618 immerito
631 553 716 618 enim
734 554 871 620 Antonio
888 555 1006 624 Volsco
1022 559 1098 624 olim
1114 559 1222 626 dicere
1237 561 1325 628 visus
1342 571 1390 629 θεῖ

274 658 470 724 Vertumnus
486 660 620 724 sePana
636 659 755 725 tactum
772 681 849 727 oves
867 668 1079 748 pastoresque
1095 667 1177 732 tueri
1193 689 1298 752 posse,
1315 670 1390 751 quia

275 764 315 830 de
338 765 387 832 dis
403 787 454 831 vv.
471 769 509 830 31
529 803 572 812 -
589 770 631 831 34
654 768 777 832 locutus
801 767 865 832 iam
887 769 929 834 ad
949 770 1097 852 *homines
1128 773 1231 838 rediit.
1284 795 1389 857 neque

274 879 383 938 tamen
398 872 433 937 id·
447 871 590 955 neglexit
605 872 660 938 ille
674 872 760 955 quod
776 895 884 940 cerere
900 884 1024 958 aliquem
1041 879 1129 944 aliud
1144 900 1207 944 non
1224 887 1273 946 θεῖ
1289 902 1386 964 quam

273 984 347 1044 tueri
362 985 523 1058 defendere
546 985 769 1064 administrem
795 980 849 1045 cfr.
865 981 935 1048 Liv.
951 985 1008 1067 ΙΙΙ,
1032 989 1050 1048 2
1072 983 1140 1067 fin.;
1169 985 1320 1070 XXXVI,
1347 992 1386 1053 18

273 1086 350 1169 init3
380 1085 533 1151 Oicorat.
549 1087 606 1170 ΙΙΙ,
623 1091 679 1169 61,
701 1086 811 1152 Horat.
828 1087 921 1173 epist.
937 1090 960 1174 1,
975 1095 1005 1167 4,
1026 1096 1082 1172 15,
1119 1087 1221 1156 Tacit.
1237 1113 1308 1157 ann.
1333 1093 1388 1176 IV,

274 1197 327 1259 36.
366 1198 462 1275 atque
487 1192 637 1274 quoniam
660 1191 712 1258 hic
744 1198 794 1258 est
817 1199 965 1260 constans
995 1195 1088 1262 huius
1111 1197 1279 1282 locutionis
1303 1219 1388 1282 usus,

274 1320 384 1365 eorum
406 1299 514 1384 opinio
539 1298 722 1384 spernenda
743 1306 792 1365 est
822 1301 876 1383 qui
907 1302 1007 1366 nostri
1027 1296 1140 1368 versus
1171 1303 1388 1387 integritatem

273 1405 494 1480 demonstrare
510 1412 664 1470 conantur
688 1405 737 1472 his
754 1406 911 1492 exemplis
928 1428 1075 1473 censorem
1091 1415 1211 1490 implere
1220 1416 1387 1491 priempere

170 1583 173 1592 ¹
267 1521 430 1594 praestare
446 1520 592 1578 consulem
608 1533 700 1593 egere
722 1518 823 1577 ducem
847 1517 984 1578 extitere
1006 1513 1073 1593 (cfr.
1094 1515 1324 1600 Hertzbergius
1345 1515 1387 1581 ad

272 1619 301 1683 h.
318 1625 368 1694 u).
414 1619 528 1701 quibus
545 1619 653 1684 allatis
670 1619 880 1684 Vertumnum
896 1621 1120 1704 pronuntiasse
1141 1621 1336 1688 contendunt
1351 1643 1387 1689 se

274 1731 438 1811 pastorem
455 1745 555 1808 agere
571 1745 676 1810 posse.
722 1725 812 1807 atqui
827 1723 909 1791 haec
928 1727 1014 1793 notio
1038 1726 1186 1794 dictionis
1209 1749 1318 1793 rurore
1333 1736 1387 1793 oli-

274 1853 357 1914 quem
372 1831 484 1915 altera,
501 1830 541 1896 dc
558 1851 622 1914 qua
644 1830 738 1897 modo
754 1831 851 1896 locuti
874 1853 993 1917 sumus,
1016 1837 1103 1898 tanto
1128 1839 1177 1899 est
1198 1834 1387 1919 inusitatior,
1447 1920 1449 1925 Α

273 1945 308 2002 ut
324 1936 392 2004 eius
408 1957 449 2002 ne
465 1937 601 2002 alterum
618 1937 748 2020 quidem
765 1937 1081 2026 exemplum-afferre
1097 1939 1238 2025 possint:
1273 1961 1336 2023 qua
1352 1960 1386 2006 re

273 2043 461 2129 Propertius
477 2044 504 2109 si
521 2050 630 2108 tamen
652 2043 779 2110 hancei
796 2043 928 2110 subesse
944 2027 1109 2129 ioluisset,
1130 2065 1275 2112 summae
1299 2052 1386 2111 certe

274 2149 474 2216 obscuritatis
497 2150 674 2236 periculum
691 2149 851 2216 subiisset.
896 2150 1007 2233 itaque
1023 2172 1095 2215 oum
1119 2151 1302 2217 coniectura
1318 2153 1386 2216 loco

274 2254 403 2322 medela
422 2255 591 2322 atterenda
615 2257 666 2340 sit,
697 2263 806 2322 tamen
829 2255 914 2339 quod
938 2256 1158 2323 Broukhusius
1183 2256 1391 2340 scribendum·

273 2383 345 2429 esse
377 2363 511 2429 coniecit
543 2373 696 2442 pastorem
728 2385 850 2444 possum
888 2358 1016 2427 curuare
1047 2365 1165 2429 omisso
1196 2385 1242 2428 me
1271 2385 1385 2449 prono·
1512 2441 1513 2446 ἵ

272 2470 358 2534 mine
395 2470 429 2533 in
467 2470 564 2533 aliam
600 2474 732 2554 prorsus
767 2474 893 2554 partem
930 2476 1027 2552 atque
1062 2469 1134 2555 ipse
1173 2471 1275 2537 voluit
1305 2471 1386 2537 aeci-

273 2576 387 2661 pietur.
432 2595 536 2658 neque
557 2597 577 2640 a
599 2575 766 2661 Propertio
788 2574 967 2661 protectum
992 2595 1065 2641 esse
1081 2583 1188 2662 potest
1203 2575 1289 2660 quod
1304 2577 1384 2662 Ayr-

273 2703 408 2748 mannus
425 2693 534 2764 pastor
560 2705 605 2746 me
635 2689 678 2747 ed
698 2687 833 2747 baculum
849 2703 972 2763 possam
994 2703 1120 2747 curvare
1153 2690 1209 2748 aut
1235 2683 1387 2750 Heinsius

267 2795 386 2872 pastori
416 2796 459 2854 od
485 2792 619 2852 buculam
643 2811 764 2870 possem
795 2798 911 2853 certare
940 2787 1113 2871 legendum
1144 2795 1387 2875 proposuerunt.

272 2902 407 2978 uterque
431 2895 515 2960 enim
532 2895 762 2981 synaloepham
785 2895 890 2961 minus
914 2887 1096 2976 elegantem
1120 2895 1267 2961 admittit.
1304 2895 1386 2980 Ayr-

272 3022 407 3067 mannus
424 3006 595 3086 praeterea
610 3023 673 3067 non
681 3001 910 3066 animadvertit
923 3006 1086 3086 pastorem
1101 3021 1163 3065 non
1179 3001 1222 3066 ad
1239 3001 1386 3088 baculum

272 3129 308 3175 se
325 3128 467 3192 curvare,
491 3106 549 3172 sed
565 3108 678 3173 baculo
702 3107 810 3189 inniti;
839 3105 894 3171 cfr.
915 3103 1012 3186 Ouid.
1036 3126 1076 3172 ex
1100 3106 1200 3172 Ponto
1224 3109 1248 3192 Ι,
1271 3113 1299 3192 8,
1321 3112 1381 3190 52,

271 3215 351 3280 trist.
368 3213 421 3298 IV,
441 3221 467 3298 1,
487 3220 535 3278 11.
582 3234 687 3297 neque
708 3213 932 3279 Laohmannus
950 3211 1276 3294 significantissimum
1293 3220 1327 3278 ut
1342 3214 1387 3279 ita

273 3321 378 3386 dicam
395 3321 501 3386 baculi
517 3319 604 3405 apud
621 3327 768 3406 pastores
785 3341 877 3385 usum
887 3319 993 3382 animo
1003 3318 1187 3387 informavit
1202 3319 1385 3405 reponendo

269 3438 374 3508 postor
388 3448 442 3506 epo
458 3437 486 3491 et
501 3431 635 3491 baculum
644 3449 766 3507 possam
780 3431 1001 3504 rurale-ferre.
1047 3432 1171 3492 ceteras
1189 3432 1297 3491 autem
1314 3447 1385 3491 con-

271 3534 410 3600 iecturas
438 3533 668 3619 praetermitto,
693 3533 769 3616 quia
798 3532 903 3596 minus
934 3532 1030 3596 etiam
1058 3534 1111 3598 vel
1134 3534 1290 3598 sermonis
1314 3553 1385 3598 oon-

272 3639 433 3706 suetudini
454 3640 507 3706 vel
521 3640 583 3706 loci
606 3640 785 3705 sententiae
806 3636 1013 3704 satisfaciunt.
1045 3644 1078 3703 at
1098 3637 1241 3724 protecto
1265 3639 1385 3703 imitari

272 3766 308 3813 se
325 3766 421 3832 posse
437 3731 599 3831 pastorem
616 3745 810 3810 Vertumnus
831 3744 1018 3829 simpliciter
1034 3743 1198 3830 protessus
1215 3751 1279 3811 est:
1302 3743 1386 3827 quod

273 3858 304 3918 et
320 3858 428 3917 cetera
451 3851 543 3918 huius
566 3851 760 3918 narrationis
785 3850 936 3935 exempla
959 3851 1096 3934 probant
1113 3857 1145 3916 et
1168 3851 1198 3916 ei
1218 3856 1387 3917 senserunt

271 3958 464 4043 interpretes
481 3959 535 4042 qui
550 3957 633 4024 hano
650 3957 783 4024 curandi
798 3957 897 4023 verbo
921 3955 1083 4022 notionem
1105 3977 1278 4043 perperam
1295 3957 1385 4022 attri-

272 4065 417 4130 buerunt.
462 4063 545 4129 hano
568 4070 674 4130 autem
698 4063 889 4130 sententiam
911 4081 1137 4146 recuperamus
1153 4085 1212 4148 pro
1227 4063 1277 4128 his
1293 4061 1386 4128 POS-

273 4169 362 4234 SUM
387 4169 558 4234 OURARE
582 4169 751 4235 scribendo
774 4170 855 4236 haec
878 4168 1046 4235 POSSUM
1068 4168 1295 4234 SIMULARE.
1341 4171 1387 4233 ita

274 4276 358 4342 enim
375 4275 547 4342 simulandi
564 4277 663 4342 verbo
680 4282 810 4342 utuntur
825 4276 970 4363 Propert.
978 4275 1016 4361 V,
1029 4281 1077 4360 11,
1087 4279 1148 4360 39,
1166 4275 1276 4341 Horat.
1293 4275 1386 4362 epist.
