3258 5168
743 487 781 558 to

203 669 328 738 tissima
344 666 554 754 componendi
570 671 661 735 verbi
677 671 815 736 notione.
866 677 1007 734 ceterum
1033 663 1073 735 de
1095 662 1317 754 monosyllabo

202 785 270 842 huie
294 776 348 842 eir.
369 777 514 863 Propert.
532 777 569 859 V⁷
596 782 622 860 1,
640 783 680 841 54
706 782 737 842 et
753 777 914 842 Luciauus
930 776 1102 841 Muellerus
1119 775 1160 841 de
1176 797 1211 841 re
1228 783 1318 842 metr.

202 905 231 967 p.
248 888 322 948 269.
340 921 380 930 -
397 882 535 965 denique
552 902 593 948 ex
609 882 723 948 eodem
740 901 890 948 versuum
906 901 1026 964 genere
1054 883 1264 948 tractabimus
1281 883 1318 966 V,

204 997 232 1073 t,
250 995 289 1055 93
308 1011 354 1082 sq.
371 989 426 1072 qui
441 991 474 1053 in
490 990 580 1055 libris
596 989 643 1056 sie
661 988 729 1054 iere
745 991 912 1072 leguntur:

391 1118 410 1160 u
426 1103 501 1160 dane
516 1101 642 1176 Tarpeio
657 1118 739 1161 mons
755 1108 796 1159 est
812 1118 971 1174 coquomea
988 1103 1128 1176 adeptus:
1176 1125 1177 1128 ¹

461 1224 477 1266 o
492 1207 569 1285 cipit,
586 1208 692 1266 iniuste
701 1209 840 1282 proemio
855 1208 941 1266 sortis
956 1207 1053 1266 tubes.

203 1309 291 1390 atqui
314 1328 428 1373 versus
452 1307 610 1393 posterior
641 1327 721 1373 sana
745 1309 905 1373 sententia
936 1329 1066 1392 prorsus
1099 1316 1194 1374 earet.
1242 1309 1318 1391 quid

204 1415 287 1481 enim
304 1415 365 1479 sibi
380 1415 448 1480 vult
464 1413 543 1478 illud
565 1421 673 1478 sortis?
722 1414 854 1478 eredunt
880 1413 1009 1496 quidem
1032 1421 1161 1498 poetam
1184 1413 1317 1498 indigne

203 1520 287 1586 ferre
304 1519 389 1603 quod
405 1521 547 1605 Tarpeia
563 1541 619 1586 suo
636 1521 764 1586 nomine
780 1521 879 1584 monti
896 1520 996 1584 indito
1011 1522 1190 1606 praemium
1199 1519 1318 1586 habeat

202 1648 262 1711 pro
278 1628 364 1692 mala
380 1647 439 1692 sua
454 1631 548 1692 sorte.
585 1646 660 1691 nam
674 1648 748 1710 sorr,
764 1626 914 1707 quoniam
931 1647 995 1691 vox
1012 1632 1060 1691 est
1076 1627 1191 1708 media,
1208 1645 1265 1710 per
1281 1645 1316 1690 se

204 1731 335 1820 quidem
352 1733 384 1797 in
401 1733 520 1796 malam
533 1738 658 1817 partem
672 1732 755 1797 trahi
772 1739 884 1817 potest.
916 1739 949 1796 at
964 1732 1152 1817 Propertius
1169 1734 1223 1814 qui
1240 1735 1318 1797 Tar-

203 1839 310 1924 peiam
327 1839 441 1904 merito
456 1838 658 1904 interfectam
675 1839 752 1905 dicit
767 1861 818 1905 vv.
840 1845 876 1902 17
888 1860 934 1922 sq.
944 1843 1074 1922 cavoa,
1090 1859 1166 1902 num
1182 1846 1317 1904 mortem

204 1946 272 2011 eius
295 1946 414 2011 malam
443 1951 560 2010 sortem
590 1951 621 2010 et
643 1945 850 2010 infortunium
873 1945 1017 2026 iniquum
1042 1964 1114 2010 esse
1138 1944 1318 2009 concedet?

207 2072 284 2135 ergo
309 2052 425 2137 potius,
449 2052 549 2117 vitato
573 2052 729 2116 vocabulo
753 2072 815 2134 quo
839 2052 905 2116 tale
928 2049 1169 2116 misericordiae
1192 2051 1318 2132 signum

206 2159 414 2241 contineatur,
430 2158 572 2239 miratus,
589 2155 674 2240 quod
697 2177 718 2222 a
733 2156 906 2242 proditrioc
922 2157 1032 2242 puella
1052 2177 1143 2222 mons
1159 2157 1319 2241 Tarpeius

204 2283 320 2329 nomen
336 2264 505 2348 acceperit⁷
522 2263 689 2348 scripsisse
706 2261 868 2348 putandus
885 2267 933 2326 est
948 2261 1025 2326 hoc:

453 2391 469 2434 o
484 2375 564 2448 cipit,
578 2375 683 2432 iniuste
692 2374 830 2450 proemio
846 2375 948 2432 mortis
963 2372 1062 2431 tubes.
1295 2451 1298 2460 ι

205 2477 252 2540 ita
267 2477 351 2541 enim
369 2496 457 2559 „eum
473 2477 578 2541 mors“
593 2474 696 2558 inquit
710 2473 916 2560 „proditionis
930 2481 1005 2538 tuae
1014 2475 1068 2538 vel
1085 2459 1198 2560 parum
1208 2475 1318 2558 gravis

205 2601 311 2667 poena
326 2582 368 2646 sit
384 2581 511 2661 (ofr.vv.
524 2587 561 2646 17
576 2588 644 2666 sq.),
661 2589 695 2647 tu
710 2603 767 2664 pro
784 2588 884 2647 morte
901 2582 998 2647 etiam
1013 2582 1192 2666 praemium
1208 2582 1319 2665 habes,

206 2688 297 2770 quasi
313 2686 581 2772 depatriamorte
597 2695 652 2754 tua
667 2689 749 2754 bene
766 2688 883 2752 merita
892 2689 963 2753 sis“.
993 2688 1067 2753 hino
1082 2689 1147 2754 iam
1164 2688 1204 2754 de
1221 2709 1318 2754 versu

205 2792 419 2879 praecedente
434 2795 548 2860 melius
563 2794 700 2859 iudicari
723 2795 805 2859 licet.
851 2795 884 2858 in
908 2815 969 2877 quo
994 2815 1104 2860 omnes
1124 2793 1192 2860 iere
1217 2796 1317 2860 critici

206 2900 259 2981 qui
276 2919 354 2966 sano
370 2899 489 2965 iudioio
513 2907 650 2984 utuntur,
674 2922 744 2966 eum
768 2901 809 2965 de
834 2902 975 2986 Tarpeio
999 2908 1092 2986 patre
1113 2908 1186 2986 post
1209 2922 1317 2965 narra-

205 3005 322 3071 tionem
339 3025 424 3088 quae
440 3005 609 3072 antecedat
626 3006 689 3072 diei
705 3027 768 3071 non
784 3027 880 3092 posse
897 3009 1104 3092 consentiant,
1127 3009 1239 3090 legunt
1256 3029 1318 3072 una

204 3111 312 3176 littera
334 3118 458 3177 mutata
482 3137 501 3178 a
525 3121 599 3177 duce
621 3119 759 3194 Tarpeio.
809 3113 868 3180 sed
892 3115 919 3180 si
943 3137 973 3180 v.
997 3120 1037 3181 94
1070 3115 1255 3180 necessaria
1285 3122 1320 3178 ut

204 3235 373 3302 speramus
382 3219 605 3284 emendatione
614 3221 876 3304 proposuerimus
884 3229 992 3304 mortu,
1001 3222 1052 3286 hic
1060 3222 1132 3305 ipsa
1141 3222 1318 3286 sententiae

204 3324 236 3388 vi
258 3330 392 3406 cogente
419 3324 639 3410 recipiendum
669 3327 730 3390 erit
759 3326 843 3408 quod
867 3328 1031 3394 Bassanus
1060 3327 1183 3393 invenit
1206 3349 1226 3391 a
1248 3349 1320 3392 nece

206 3436 361 3510 Tarpeiae.
408 3429 462 3494 eir.
479 3429 704 3496 Lachmannus
720 3431 763 3496 ad
786 3431 815 3495 h.
832 3454 861 3497 v.
908 3440 940 3498 et
960 3432 1040 3498 haee
1057 3432 1240 3498 emendatio
1256 3453 1319 3498 non

204 3537 306 3601 solum
323 3537 481 3603 constanti
505 3535 635 3603 fabulae
658 3539 814 3603 memoria
838 3559 902 3622 qua
925 3560 1016 3606 mons
1038 3540 1196 3625 Tarpeius
1220 3559 1320 3604 nona

205 3641 305 3708 duee
322 3643 474 3728 Tarpeia,
497 3642 556 3709 sed
579 3644 620 3708 ab
643 3644 880 3710 interfecta
903 3667 1019 3712 revera
1041 3665 1158 3711 nomen
1180 3646 1319 3711 traxisse

203 3747 349 3832 traditur,
372 3768 484 3814 verum
508 3750 606 3814 etiam
630 3771 681 3816 vv.
701 3757 714 3814 1
735 3772 781 3834 sq.
798 3752 1040 3817 commendatur
1063 3752 1179 3835 quibus
1201 3752 1319 3816 montis

204 3874 320 3920 nornen
336 3863 439 3920 ortum
456 3875 528 3921 esse
544 3857 665 3921 indicat
680 3863 790 3922 auctor
806 3877 826 3921 a
842 3865 972 3923 morte
996 3858 1145 3941 virginis:
1171 3857 1227 3922 cfr.
1244 3879 1273 3923 v.
1294 3865 1318 3922 1.

205 3967 352 4042 Tarpetae
365 3973 450 4044 turpe
464 3971 633 4044 sepulerum¹
683 3963 769 4046 quod
784 3964 999 4029 testimonium
1023 3965 1097 4048 plus
1121 3962 1219 4030 ctiam
1241 3985 1317 4049 pon-

204 4066 289 4133 deris
307 4069 489 4151 assequitur
503 4070 600 4134 totius
617 4070 768 4135 carminis
785 4070 1016 4154 compositione
1041 4091 1105 4152 qua
1121 4093 1171 4137 vv.
1191 4078 1203 4136 l
1223 4092 1269 4154 sq.
1288 4076 1320 4136 et

205 4194 256 4238 vv.
272 4179 313 4238 93
331 4194 378 4256 sq.
394 4175 456 4239 sibi
472 4175 668 4258 respondere
684 4175 874 4241 videbimus.

293 4279 447 4345 Versibus
471 4280 502 4344 in
525 4281 616 4345 initio
641 4283 797 4366 corruptis
821 4282 972 4346 contrarii
1002 4289 1074 4346 sunt
1097 4283 1206 4365 quiin
1231 4283 1318 4346 exitu

204 4386 362 4450 voeabula
378 4384 556 4470 depravata
577 4386 755 4451 ostendunt.
802 4394 875 4452 sunt
890 4394 997 4452 autem
1014 4389 1060 4452 sio
1076 4389 1182 4539 adgepti
1198 4387 1231 4452 hi
1247 4409 1317 4454 ver-
