3258 5168
760 499 778 560 5

214 680 352 738 clamauit
366 674 404 738 N.
420 679 571 738 inclinavit
586 669 638 754 Ga,
659 672 700 737 de
725 692 786 753 quo
802 671 871 735 loco
888 693 917 737 v.
934 672 1091 737 Jacobum
1109 677 1140 736 et
1156 669 1326 736 Hertzber·

213 779 309 862 glum.
336 818 375 826 -
402 786 430 862 7,
447 785 483 844 51
503 783 661 844 reuolubile
683 779 722 842 N.
744 781 909 842 revocabile
933 776 985 860 Ga
1014 776 1134 860 dequo
1158 796 1255 843 versu
1271 775 1325 841 cl.

214 884 438 951 Lachmannus
462 892 494 950 ct
514 885 752 968 Hertzbergius.
778 921 817 932 -
844 888 873 967 7,
897 889 937 948 55
962 890 1066 950 sortita
1088 883 1127 947 N.
1152 889 1264 964 quesita
1288 880 1326 946 G.

214 991 300 1074 quod
320 998 466 1076 apertum
482 992 573 1059 verbi
588 999 693 1057 sortita
708 991 837 1075 paulum
847 989 990 1074 ambigui
1005 990 1327 1075 interpretamentum

214 1105 269 1164 est
287 1137 329 1146 -
347 1093 375 1182 7,
391 1105 432 1165 59
443 1111 540 1180 porto
555 1099 686 1164 Nocere
702 1097 739 1162 G.
749 1098 835 1181 quod
843 1098 896 1163 vix
905 1097 1099 1183 perspicitur
1116 1116 1179 1179 qua
1194 1093 1326 1161 tandem

214 1205 394 1290 corruptela
411 1225 429 1271 e
439 1216 535 1286 porto
550 1206 706 1272 vocabulo
723 1206 812 1270 nasei
836 1204 998 1290 potuerit:
1023 1223 1100 1286 ergo
1124 1201 1176 1266 hic
1198 1221 1326 1284 quoque

213 1316 323 1395 spreta
337 1309 456 1376 infelici
466 1310 502 1374 G.
512 1311 696 1378 coniectura
704 1313 743 1376 N.
752 1311 892 1394 vestigia
901 1309 1042 1377 tenenda
1054 1316 1136 1375 sunt.
1167 1329 1185 1375 e
1202 1309 1327 1391 quibus,

214 1437 284 1480 curn
300 1428 441 1482 coronato
451 1425 578 1498 phaselo
602 1420 722 1505 probas
745 1418 898 1484 mulieres
922 1416 1109 1481 molliter
1128 1416 1163 1480 in
1178 1415 1326 1500 Elysium

213 1522 337 1589 delatas
362 1543 433 1589 esse
456 1524 626 1592 manifesto
650 1523 870 1608 designaverit
892 1529 1011 1607 auctor,
1043 1521 1188 1588 eiusdem
1212 1521 1325 1588 coloris

212 1630 346 1696 verbum
370 1631 567 1716 reposuerim
591 1653 650 1717 pro
673 1630 817 1695 PARTA
841 1627 1009 1696 scribendo
1026 1627 1215 1709 LnPsAn.
1239 1647 1326 1693 coro-

211 1742 286 1801 nato
303 1741 410 1802 autem
427 1737 560 1822 phaselo
577 1738 643 1802 labi
659 1737 807 1804 dicuutur
822 1737 946 1821 mortui,
967 1741 1001 1800 ut
1017 1735 1130 1802 eodem
1147 1735 1325 1802 sententiae

212 1843 317 1908 colore
349 1842 483 1909 Ovidius
514 1845 588 1910 Her.
611 1844 652 1928 X,
684 1850 724 1911 65
749 1854 781 1908 at
803 1854 869 1909 rote
887 1849 971 1921 felici
1002 1842 1106 1925 inquit
1131 1854 1249 1923 pacata
1266 1864 1327 1924 per

212 1969 344 2028 oepooro
368 1954 464 2015 labor.
500 1956 670 2034 praeterea
694 1949 748 2015 cfr.
765 1950 858 2016 Ovid.
873 1949 948 2015 Met.
963 1948 1021 2032 XI,
1046 1954 1104 2031 51;
1133 1948 1230 2032 Verg.
1246 1948 1325 2015 Aen.

213 2055 356 2138 V111,91.
367 2093 407 2102 —
418 2061 447 2139 9,
464 2057 747 2120 34oonoN.oestro
758 2054 808 2138 0.,
824 2076 842 2122 e
858 2055 1225 2141 corruptaN.scriptura
1240 2054 1325 2138 quod

212 2180 323 2226 verum
339 2168 388 2226 cst
401 2169 481 2240 fano
490 2162 598 2227 elicuit
605 2161 760 2246 Scaliger.
778 2201 820 2210 -
836 2168 866 2246 9,
875 2166 915 2226 10
925 2170 1053 2227 edoctas
1065 2163 1159 2228 Ν.αο
1171 2161 1319 2244 molossia

212 2285 273 2348 quo
290 2267 360 2331 loco
376 2268 490 2332 merito
513 2269 552 2332 N.
577 2275 705 2334 secutus
726 2267 823 2334 scribi
846 2268 940 2334 iussit
955 2275 998 2332 cd
1011 2280 1112 2334 castos
1127 2268 1269 2335 Kochius
1291 2269 1325 2334 iu

212 2373 314 2456 symb.
330 2370 382 2458 ph.
399 2374 435 2437 B.
451 2396 481 2459 p.
498 2377 579 2440 329:
608 2393 714 2456 neque
738 2373 823 2439 enim
839 2375 1037 2440 Lachmanni
1059 2375 1324 2460 interpretatione

212 2478 290 2544 satis
305 2478 362 2543 illa
379 2477 501 2544 difficili
517 2480 673 2564 languere
694 2479 789 2546 desiit
812 2480 891 2546 illud
916 2488 959 2547 αα
972 2493 1067 2547 natos.
1092 2519 1134 2531 -
1158 2487 1188 2566 9,
1213 2486 1254 2546 70
1272 2501 1323 2546 ex-

210 2592 371 2650 terminium
395 2587 434 2651 N.
457 2593 555 2652 eaimtt
578 2585 632 2671 G.;
665 2586 751 2671 quod
772 2586 965 2654 adiectivum
996 2609 1067 2655 cum
1090 2587 1230 2672 Herculi,
1253 2588 1323 2654 viro

211 2689 392 2776 fortissimo,
406 2690 543 2758 inditum
552 2693 638 2760 omni
651 2693 794 2779 pondere
808 2700 926 2779 careat,
942 2715 982 2761 ex
991 2695 1133 2762 absurda
1141 2695 1324 2762 coniectura

210 2802 314 2862 ortum
330 2818 402 2864 esse
427 2807 577 2886 apparet;
606 2821 680 2867 nam
705 2800 791 2867 unde
814 2802 848 2866 in
870 2808 1011 2868 monstro
1036 2800 1090 2868 illo
1115 2807 1324 2885 exterminium,

211 2903 300 2970 cuius
315 2909 347 2969 να·
361 2906 520 2990 syllabam
530 2905 747 2992 dittographia
758 2913 867 2972 natam
885 2907 1170 2974 essemanilestum
1180 2914 1236 2993 est,
1252 2930 1325 2994 pro·

210 3010 295 3076 fecta
311 3017 418 3077 essent
433 3020 488 3078 aut
504 3024 549 3078 ter
565 3020 620 3079 aut
634 3021 705 3077 am?
742 3033 820 3098 ergo
845 3034 906 3098 ego
930 3014 1060 3097 quidem
1084 3015 1190 3081 nullus
1214 3014 1324 3080 dubito

212 3115 335 3183 Heinsii
359 3119 572 3185 coniecturam
596 3130 746 3186 cesanam
769 3118 924 3206 recipere,
947 3121 1067 3206 quippe
1091 3129 1175 3204 quae
1199 3128 1232 3186 et
1252 3126 1324 3186 sen-

210 3222 331 3289 tentiae
347 3223 526 3291 satisfaciat
543 3234 575 3292 et
598 3228 781 3312 corruptela
799 3246 867 3309 ¹quo
890 3225 985 3291 modo
1008 3231 1079 3292 crta
1102 3227 1144 3292 sit
1167 3226 1324 3294 ostendat.

210 3366 252 3376 -
279 3335 328 3413 10,
352 3335 428 3422 279
450 3333 488 3397 N.
512 3331 609 3416 (10,,
638 3338 735 3416 atque
759 3332 819 3399 hoc
842 3332 1047 3418 perspicuum
1069 3352 1147 3399 sane
1171 3340 1221 3399 est
1246 3333 1324 3416 quid

210 3434 376 3520 significet,
391 3457 455 3503 non
472 3439 525 3522 qui
542 3439 703 3525 corrumpi
718 3438 866 3525 potuerit.
899 3458 977 3520 ergo
989 3439 1027 3503 N.
1037 3439 1177 3524 vestigia
1196 3447 1323 3507 secutus

209 3543 406 3625 reposuerim
422 3551 486 3628 ben,
503 3543 588 3627 quod
604 3545 795 3612 vocabulum
813 3565 853 3611 ex
863 3544 976 3611 eadem
988 3543 1131 3611 codicum
1141 3548 1324 3632 corruptela

208 3647 346 3713 restituit
370 3649 513 3717 Muretus
538 3653 682 3736 Propert.
705 3653 762 3735 III,
789 3657 837 3734 12,
864 3657 912 3716 15.
948 3687 986 3697 -
1016 3657 1065 3736 10,
1089 3655 1131 3717 34
1156 3661 1323 3735 niueoque

209 3757 325 3817 ductam
347 3755 387 3818 N.
411 3761 556 3837 niueoque
579 3764 726 3822 inductam
750 3756 804 3841 G.;
841 3756 882 3824 de
906 3777 969 3839 qua
993 3758 1153 3843 scriptura
1176 3781 1205 3826 v.
1221 3760 1322 3826 Lach-

209 3877 369 3925 mannum.
396 3899 433 3910 —
464 3868 517 3948 10,
535 3869 572 3929 41
598 3847 764 3929 Virtomoai
786 3864 824 3928 N.
847 3870 1023 3928 Betomonos
1046 3861 1084 3929 G.
1107 3902 1149 3911 —
1180 3871 1233 3948 11,
1262 3871 1321 3930 102

209 3970 293 4044 equis
323 3967 362 4030 N.
378 3974 460 4048 equis
479 3967 533 4052 G.;
555 3969 609 4035 ubi
633 3970 705 4035 eN.
722 3969 941 4035 Broukhusius
959 3977 1022 4034 cois
1044 3970 1190 4062 restituit.
1208 4009 1249 4019 —
1272 3971 1323 4038 his

279 4231 302 4294 *t
321 4231 418 4300 Neque
443 4238 560 4302 propter
579 4235 668 4303 ipsum
694 4234 770 4287 illam
796 4235 951 4290 sentcntiae
974 4241 1102 4290 naturam
1125 4235 1209 4290 scribi
1227 4241 1323 4304 potest

208 4327 295 4388 νιφια,
315 4321 391 4387 quod
410 4326 501 4376 tumen
519 4323 634 4376 verbnm
653 4326 683 4377 ct
701 4337 718 4374 a
734 4321 767 4374 N.
787 4322 926 4390 scripturn
938 4339 1027 4392 prope
1048 4325 1128 4378 abest
1147 4329 1176 4377 et
1189 4339 1273 4392 saepe
1287 4324 1321 4379 dc

208 4407 325 4460 mortuis
338 4413 490 4477 usurpatur
508 4411 586 4464 velut
605 4409 761 4479 aPropert.
776 4409 810 4477 V,
828 4417 868 4476 11,
883 4415 923 4464 66.
