3226 5162
707 458 749 519 93

176 632 254 693 botes
269 627 429 713 Propertii
446 626 524 694 talia
538 629 591 692 vel
607 628 729 714 primus
749 625 872 711 fingere
888 634 1021 714 poterat,
1045 636 1130 708 certe
1153 651 1216 697 non
1240 639 1289 697 est

175 740 286 801 auctor
301 734 414 800 horum
435 734 621 820 carminum,
644 735 672 801 si
689 734 818 817 quidem
842 755 862 800 a
885 735 1052 821 Propertio
1076 736 1183 802 aliena
1206 743 1288 804 sunt.

174 860 249 906 nam
273 861 344 907 cum
368 841 402 905 in
426 841 474 907 eis
498 841 621 908 vocalis
645 862 661 906 o
684 839 790 908 finalis
811 841 875 908 nisi
896 842 930 907 in
954 841 1118 908 vocabulis
1141 842 1287 910 iambicis
1347 926 1352 938 Ι

176 949 264 1015 velut
278 954 364 1013 modo
380 967 543 1031 nunquam
564 953 712 1034 correpta
734 948 785 1033 sit,
808 947 866 1014 sed
890 957 1019 1034 semper
1041 948 1197 1034 producta
1221 949 1288 1030 (cf.

175 1055 316 1140 velutV,
333 1059 439 1139 3‚35;
462 1059 522 1138 57,
546 1061 603 1138 71,
627 1060 654 1140 5,
672 1058 730 1138 533
753 1059 782 1139 6,
801 1061 857 1138 143
880 1059 909 1140 7,
926 1059 986 1138 533
1009 1057 1066 1138 813
1097 1059 1126 1140 8,
1145 1059 1282 1140 175233

176 1166 231 1244 493
254 1166 283 1245 9,
300 1165 358 1244 353
390 1165 495 1246 10,3;
529 1165 576 1245 11,
592 1164 652 1243 273
683 1165 745 1240 73.)
768 1166 899 1246 praeter
922 1161 960 1244 V,
984 1167 1012 1246 5,
1038 1167 1078 1227 75
1102 1162 1157 1227 ubi
1180 1169 1288 1228 tamen

175 1267 329 1332 facillime
352 1287 411 1353 pro
436 1274 552 1332 caedito
575 1267 724 1333 scribitur
746 1274 869 1353 caedite,
891 1288 956 1333 non
978 1274 1112 1354 possunt
1134 1269 1191 1334 illa
1215 1277 1288 1355 post

174 1372 301 1439 Claudii
324 1373 525 1456 Neronisque
556 1379 684 1458 tempus
716 1375 892 1459 composita
916 1394 1004 1458 esse,
1046 1395 1109 1459 quo
1141 1383 1288 1462 tempore

171 1486 342 1565 ‚correptae
357 1479 443 1546 illius
459 1479 582 1545 vocalis
598 1479 761 1545 licentiam
785 1486 912 1545 auctam
930 1500 1001 1547 esse
1018 1480 1112 1548 docet
1127 1481 1287 1548 Luciacus

174 1585 348 1652 Muellerus
364 1586 405 1652 de
420 1605 456 1650 re
472 1591 561 1652 metr.
579 1607 610 1670 p.
620 1590 661 1650 42
671 1592 703 1651 et
712 1608 742 1671 p.
752 1589 825 1651 339.
856 1606 899 1652 an
916 1579 1016 1654 etiam
1029 1587 1063 1651 in
1078 1586 1139 1654 hae
1154 1589 1288 1653 metrica

174 1692 383 1758 observantia
403 1691 605 1777 Propertium
629 1711 649 1756 a
671 1691 791 1757 Paullo'
807 1713 932 1758 summa
952 1714 1023 1759 enm
1048 1693 1218 1777 diligentia
1234 1715 1288 1760 ex-

175 1819 322 1884 pressum
355 1819 426 1866 esse
457 1797 596 1864 credes?
643 1797 744 1880 quid?
781 1798 867 1881 quod
896 1819 937 1864 ne
969 1799 1125 1867 eiusmodi
1157 1799 1288 1884 quidem

174 1905 318 1971 earmina
334 1905 442 1988 qualia
457 1905 600 1969 maxima
624 1911 781 1989 exparte
804 1904 886 1970 liber·
907 1906 1035 1988 quintus
1059 1907 1206 1992 continet,
1229 1906 1288 1973 sed

173 2011 283 2094 elegos
298 2011 387 2075 illum
404 2010 573 2096 scripsisse
587 2010 710 2076 Plinius
727 2010 851 2076 duobus
864 2012 943 2078 locis
960 2013 1066 2096 (epist.
1082 2013 1136 2097 VI,
1156 2019 1209 2097 153
1231 2013 1288 2098 IX,

177 2121 228 2196 12)
238 2123 382 2182 testatur.
413 2117 528 2200 ergosi
544 2135 660 2183 revera
675 2138 739 2184 non
754 2123 827 2182 sunt
835 2119 1005 2203 Propertii,
1021 2121 1163 2185 carmina
1178 2126 1288 2186 nostra

174 2229 261 2288 certe
278 2243 383 2306 neque
399 2245 420 2288 a
435 2222 532 2287 Plinii
548 2223 676 2306 aequali
692 2222 816 2308 Paullo,
839 2222 896 2290 sed
919 2222 1005 2290 haud
1022 2225 1069 2289 ita
1092 2227 1190 2290 multo
1214 2233 1288 2311 post

174 2329 377 2414 Propertium
401 2331 522 2414 scripta
544 2349 649 2412 neque
673 2329 741 2395 eius
765 2330 961 2396 carminibus
981 2332 1065 2398 malo
1090 2331 1221 2397 consilio
1245 2333 1286 2397 ab

173 2435 281 2519 aliquo
297 2436 525 2520 interpolatore
541 2435 740 2520 interposita,
763 2434 822 2501 sed
845 2437 1045 2519 casualiquo
1062 2436 1190 2503 adnexa
1206 2443 1286 2502 sunt.
1322 2423 1328 2434 ’

173 2561 256 2635 quae
272 2547 380 2607 tamen
395 2541 555 2606 sententia
570 2540 644 2606 ideo
661 2541 838 2627 probabilis
854 2548 989 2627 nonest,
1006 2542 1091 2625 quod
1101 2543 1240 2628 Cynthia
1256 2543 1287 2608 in

172 2648 294 2730 aliquot
310 2647 503 2713 carminibus
519 2654 770 2712 commemorata
786 2647 874 2732 haee,
891 2649 919 2714 si
932 2649 1129 2734 aPropertic
1144 2649 1289 2735 profecta

172 2773 235 2818 non
250 2760 332 2839 sunt,
348 2752 392 2818 ad
408 2754 477 2820 eius
494 2756 678 2841 exemplum
693 2755 889 2840 interpolata
905 2776 976 2822 esse
994 2755 1121 2821 evincit

260 2859 445 2944 Praeterea,
460 2859 494 2924 id
511 2859 596 2942 quod
612 2861 839 2944 gravissimum
865 2867 921 2946 est,
945 2882 993 2928 ne
1015 2861 1063 2926 ad
1079 2861 1181 2928 hano
1197 2863 1287 2945 qui-

172 2965 260 3031 dem
277 2965 563 3051 suspicionem
588 2966 905 3033 sustentandam
927 2967 1159 3034 sufficiunt
1182 2989 1288 3051 quae

171 3072 210 3137 in
225 3072 316 3138 illis
331 3072 494 3139 notavit
509 3071 820 3138 Heimreichius.
867 3080 900 3139 et
915 3073 1054 3159 primum
1071 3074 1201 3158 quidem
1217 3076 1287 3139 imi-

171 3179 326 3243 tationum
340 3199 445 3246 avero
462 3199 539 3246 sane
548 3178 716 3265 Propertio
733 3180 912 3244 alienarum
928 3179 1174 3266 multitudinem,
1191 3201 1286 3264 quam

171 3284 346 3368 indagasse
362 3285 423 3351 sibi
437 3285 526 3352 visus
543 3291 599 3369 est,
616 3305 677 3368 ego
693 3285 824 3368 quidem
840 3285 960 3350 nullam
978 3305 1050 3352 esse
1066 3294 1153 3372 puto.
1183 3307 1287 3370 neque

172 3392 266 3477 enirn,
286 3398 322 3457 ut
345 3413 445 3478 supra
467 3392 534 3458 iam
558 3392 747 3477 monuimus,
763 3393 800 3476 V,
820 3399 833 3456 l
861 3413 912 3458 vv.
933 3397 992 3458 127
1017 3412 1086 3475 sqq.
1108 3393 1287 3478 ePropert.

171 3499 195 3582 l,
213 3503 263 3583 22,
280 3504 298 3564 7
315 3506 371 3565 aut
386 3500 423 3585 V,
451 3506 465 3564 1
494 3520 545 3565 vv.
564 3504 625 3565 133
643 3519 711 3581 sqq.
736 3517 754 3564 e
778 3497 922 3584 Propert.
946 3500 1000 3582 IV,
1024 3503 1116 3564 3aut
1139 3499 1177 3583 V,
1200 3504 1285 3563 2vv.

174 3609 187 3667 1
208 3624 277 3686 sqq.
299 3623 339 3669 ex
363 3602 456 3670 Ovid.
480 3603 552 3671 fast.
567 3606 592 3689 Ι,
618 3609 658 3670 63
676 3624 744 3686 sqq.
769 3605 914 3688 expressi
938 3610 1020 3669 sunt.
1066 3611 1240 3691 praeterea
1256 3611 1288 3670 et

172 3717 280 3776 noster
296 3717 393 3797 poeta
408 3711 446 3796 V,
464 3712 506 3777 bb
522 3717 554 3777 et
569 3710 734 3794 Vergilius
750 3710 830 3775 Aen.
846 3709 933 3794 VIII,
950 3715 1012 3776 675
1030 3730 1098 3795 sqq.
1121 3711 1155 3776 in
1177 3730 1287 3797 pugna

171 3815 304 3882 Actiaca
319 3816 530 3884 describenda
546 3823 701 3884 versatur.
747 3815 820 3881 hinc
836 3822 944 3883 autem
960 3837 1078 3901 rerum,
1107 3823 1141 3880 ut
1162 3837 1222 3900 par
1238 3822 1287 3881 est

171 3923 224 3988 vel
240 3931 414 4009 propterea
430 3923 516 4007 quod
540 3923 580 3990 de
596 3921 718 4010 proelio
735 3922 866 3988 Actiaco
881 3943 956 3987 mcx
973 3926 1079 3988 certae
1104 3927 1171 3988 sine
1188 3921 1285 3987 dubio

170 4027 356 4094 ferebantur
382 4029 593 4115 narrationes,
625 4029 743 4113 exigua
773 4028 933 4111 quaedam
959 4035 1008 4094 est
1031 4027 1223 4112 similitudo,
1253 4033 1287 4092 at

171 4135 268 4220 plane
283 4136 371 4200 nulla
395 4142 444 4200 est
467 4136 665 4220 singulorum
689 4135 860 4200 verborum
882 4133 1099 4218 congruentia.
1145 4154 1229 4218 nam,
1252 4140 1286 4198 ut

173 4239 300 4323 singula
317 4240 486 4307 videamus
510 4261 593 4323 quae
616 4241 817 4327 comparavit
832 4240 1075 4325 Heimreichius,
1098 4240 1285 4326 Propertius

173 4345 211 4430 V,
228 4351 258 4429 6,
274 4349 316 4411 29
332 4367 395 4426 sq:
