3258 5168
741 467 782 528 45

208 649 235 701 et
257 643 375 702 nimina
399 646 488 704 remis
511 645 621 704 audeat
635 660 734 719 prope
756 659 851 721 quam
875 639 1015 712 maxime
1037 639 1169 720 languet
1191 645 1323 724 propter

206 751 295 809 remis
311 751 342 810 et
356 767 451 826 prope
465 766 561 812 voces
578 745 663 810 omni
680 745 797 810 virtute
814 752 970 812 carentes.
1015 744 1101 810 idern
1118 751 1227 810 autem
1242 744 1322 809 illud

206 858 293 914 ranis
311 851 453 934 pondere
469 873 601 937 prorsus
617 851 804 918 destitutum
827 857 884 937 est,
908 851 935 918 si
958 852 1101 917 oratione
1125 857 1198 940 post
1213 858 1323 916 cadent

207 957 340 1022 verbum
365 957 516 1024 distincta
544 978 613 1024 cum
639 958 761 1024 Iacobo
793 958 962 1024 scribimus
987 965 1069 1039 prot
1096 969 1180 1037 turpe
1203 963 1322 1021 Latinis.

206 1082 311 1145 neque
327 1065 443 1130 melius
467 1085 502 1130 se
527 1064 626 1130 habet
641 1063 779 1130 eandem
794 1063 835 1129 ob
852 1083 981 1130 causam
999 1061 1084 1147 quod
1099 1061 1322 1128 Lachmannus

207 1171 389 1254 proposuit:

403 1286 431 1342 et
443 1283 560 1342 nimiam
574 1284 662 1342 remis
677 1283 794 1355 cadent,
808 1299 878 1359 pro,
894 1287 978 1358 torpe
998 1282 1126 1342 lanais:

207 1388 433 1467 praeterquam
451 1380 536 1466 quod
552 1383 709 1448 Antonius
724 1403 788 1448 non
804 1383 920 1449 multas
937 1403 955 1448 e
970 1383 1073 1466 Latio,
1093 1381 1151 1448 sed
1165 1382 1322 1466 plurimas

209 1509 249 1554 ex
273 1487 403 1554 Oriente
426 1509 526 1554 naves
547 1487 703 1572 habebat;
733 1488 788 1554 cir.
811 1490 908 1573 Verg.
932 1488 1011 1554 Aen.
1031 1490 1119 1573 VIII,
1144 1493 1206 1554 685
1231 1509 1317 1570 sqq.;

209 1600 271 1659 705
289 1615 357 1677 sqq.
403 1615 557 1680 perverse
579 1595 676 1662 etiam
700 1595 931 1678 Hertzbergius
955 1615 1024 1662 rem
1053 1595 1120 1677 egit
1144 1595 1197 1677 qui
1214 1595 1320 1659 locum
1392 1647 1396 1656 .

207 1701 254 1766 ita
270 1701 447 1768 constituit:
572 1705 603 1755 ¹0

382 1817 411 1872 ct
426 1813 544 1873 nimiam
559 1814 647 1872 remis
663 1814 781 1887 audeat,
790 1813 872 1888 proli
887 1815 991 1889 torpe!
1020 1813 1141 1892 Lodor's,

476 1921 615 1995 panope
629 1923 657 1978 te
670 1922 777 1995 fluctos
791 1920 876 1994 rapio
891 1921 957 1979 velo
968 1920 1044 1994 pati.

208 2028 304 2102 atque
320 2018 413 2086 huius
433 2019 578 2086 lectionis
593 2018 677 2085 hanc
701 2019 762 2086 sibi
784 2019 917 2085 indulsit
933 2019 1246 2104 interpretationem:
1259 2018 1321 2113 ¹ni-

208 2125 305 2190 mium
322 2131 415 2210 turpe
433 2132 482 2192 est
497 2125 582 2212 quod
592 2147 691 2192 navos
700 2127 833 2209 reginae
841 2133 874 2191 te
888 2126 1031 2211 principe
1041 2125 1176 2191 Romani
1192 2124 1320 2207 remigii

195 2252 269 2320 ,ope
285 2231 433 2298 fluctibus
454 2232 652 2298 committere
676 2252 711 2298 se
734 2231 871 2314 andent;
901 2231 1047 2314 quamvis
1072 2236 1204 2317 propter
1226 2250 1320 2295 voca-

208 2338 353 2403 bulorum
385 2338 625 2405 collocationem
652 2345 769 2402 alaniam
796 2344 828 2403 et
859 2348 943 2419 torpe
973 2337 1123 2420 coniungi
1151 2343 1321 2419 nequeant.

208 2465 291 2527 quae
307 2449 416 2510 tamen
425 2445 583 2510 vocabula
598 2445 625 2510 si
641 2450 841 2529 separantur,
856 2451 972 2509 nimiam
980 2443 1068 2510 omni
1083 2464 1178 2509 sensu
1194 2462 1321 2508 cassum

208 2558 265 2616 est.
318 2549 377 2617 sed
409 2557 571 2634 utcunque
601 2549 682 2616 haec
711 2551 764 2616 vel
797 2548 1008 2616 emcndantur
1031 2549 1083 2617 vel
1115 2549 1323 2638 explicantur,

203 2663 340 2738 polonice
356 2668 384 2722 te
399 2657 500 2723 verba
516 2663 649 2742 propter
664 2656 826 2742 duplicem
850 2677 981 2722 causam
1004 2655 1082 2722 ferri
1102 2676 1165 2720 non
1181 2661 1323 2740 possunt.

206 2782 311 2845 neque
328 2763 411 2828 enim
428 2770 484 2828 aut
501 2783 538 2828 eo
554 2770 700 2848 tempore
716 2784 779 2846 quo
788 2784 899 2848 pugna
915 2762 1001 2848 apud
1010 2762 1136 2829 Actium
1153 2761 1323 2827 commissa

207 2869 335 2934 ostiam
353 2870 503 2954 princeps
529 2875 599 2934 erat
614 2868 784 2952 Augustus
804 2876 859 2934 aut
880 2870 926 2935 ita
942 2870 1124 2951 loquentem
1141 2868 1322 2952 Apollinem

206 2973 233 3040 is
250 2982 348 3060 poeta
364 2975 489 3040 induxit
506 2976 560 3059 qui
577 2974 750 3043 Caesarem
767 2975 925 3042 laudctob
935 2976 1116 3041 libertatem
1132 2975 1173 3038 ab
1183 2973 1321 3039 Antonio

188 3100 283 3163 «rege
300 3079 483 3147 defensam:
513 3082 567 3146 cfr.
584 3103 613 3148 v.
631 3086 682 3148 58.
699 3088 731 3148 et
746 3104 775 3147 v.
794 3087 844 3147 62.
890 3080 993 3165 quid?
1025 3080 1111 3164 quod
1133 3081 1205 3166 ipse
1228 3079 1321 3146 huius

205 3185 333 3251 distichi
350 3193 461 3252 auctor
477 3189 600 3271 regia
615 3189 713 3254 vela
735 3186 867 3271 indigne
889 3187 959 3252 fert.
1003 3186 1091 3253 idern
1113 3207 1189 3250 num
1206 3186 1321 3270 prin·
1402 3268 1404 3272 .

205 3292 267 3377 cip
279 3313 337 3358 orn
354 3293 532 3376 Augustum
547 3293 810 3378 commendasset,
826 3294 887 3359 nisi
901 3293 1042 3378 ineptum
1058 3291 1321 3377 interpolatorem

205 3396 257 3462 hic
272 3398 483 3466 teneremus?
1181 3449 1182 3454 ,

293 3504 345 3569 Ad
361 3505 441 3570 haec
455 3505 553 3588 igitur
569 3505 887 3589 mendorumgenera
901 3505 929 3572 is
945 3505 1088 3570 animum
1104 3503 1250 3569 attendat
1265 3504 1320 3587 qui
1342 3519 1345 3526 ·

205 3607 366 3697 Propertii
389 3612 506 3677 librum
535 3613 679 3695 quintum
703 3612 929 3678 emendaturus
955 3617 1011 3692 est.
1058 3617 1090 3676 et
1113 3616 1186 3676 sunt
1210 3610 1320 3675 etiam-

204 3737 286 3782 nunc
303 3717 381 3783 satis
397 3719 505 3803 multa,
529 3718 562 3782 in
578 3718 693 3801 quibus
709 3717 842 3785 haereat
857 3717 996 3801 diligens
1013 3718 1120 3783 lector.
1166 3715 1225 3782 sed
1241 3716 1321 3780 haec

206 3843 389 3906 quanquam
413 3824 468 3890 vix
491 3824 600 3889 omnia
624 3844 679 3890 eos
703 3824 862 3908 fugeruut,
884 3829 992 3889 tamen
1015 3824 1129 3889 tollere
1152 3823 1321 3887 noluerunt

207 3929 316 4013 critici,
341 3929 417 4012 quia
432 3929 513 3996 haec
529 3931 672 3996 carmina
695 3931 736 3995 ab
752 3930 823 4016 ipso
840 3935 936 4014 poeta
951 3949 1014 3994 non
1029 3929 1177 3994 absoluta
1201 3935 1232 3994 et
1248 3948 1319 4013 per·
1348 3973 1353 3984 ·

206 4036 308 4120 polita
324 4056 396 4102 esse
413 4036 474 4102 sibi
498 4042 745 4122 persuaserunt:
774 4035 829 4102 cir.
852 4035 1079 4100 Lachmannus
1103 4034 1145 4100 ad
1169 4036 1207 4118 V,
1234 4040 1314 4119 1,1;

206 4147 234 4226 2,
255 4147 307 4224 123
331 4149 359 4226 4,
376 4147 413 4225 33
434 4142 672 4226 -Hortzbergius
688 4145 703 4206 l
719 4165 749 4228 p.
767 4147 830 4208 216
848 4162 895 4225 sq.
912 4149 944 4208 et
968 4141 1010 4206 ad
1026 4142 1064 4226 V,
1090 4147 1139 4226 10,
1167 4149 1179 4206 l
1200 4147 1246 4223 s'q.
1286 4146 1320 4204 at

205 4249 301 4313 ctiam
322 4249 384 4313 has·
406 4249 529 4332 elegias
552 4249 704 4316 maxima
718 4269 759 4316 ex
780 4255 871 4334 parte
896 4250 1080 4315 elaboratas
1104 4253 1136 4314 et
1157 4245 1319 4331 perfectas

206 4375 275 4420 esse
298 4375 318 4418 a
342 4361 438 4438 poeta
462 4376 533 4420 oum
556 4376 574 4421 c
598 4357 646 4420 rei
678 4357 830 4423 metricae
852 4357 1031 4440 elegantiis,
1061 4361 1128 4419 tum
1152 4372 1169 4417 e
1193 4372 1319 4417 summa
