3226 5162
858 457 901 521 62

390 628 417 682 b.
430 627 495 682 Dixi
508 644 570 697 ego,
583 646 646 685 cum
657 629 783 698 geminos
796 630 964 699 produceret
976 629 1062 686 Arria
1075 635 1167 700 natos,

462 717 521 781 (illa
534 717 620 772 dabat
632 719 706 772 natis
720 733 795 772 arma
806 722 918 774 vetante
931 720 1007 786 deo.)

427 821 485 859 non
499 821 583 874 posse
597 807 634 860 ad
645 805 753 875 patrios
767 821 818 860 sua
830 806 888 873 pila
901 805 1004 862 referre
1017 813 1151 876 penates:

463 909 561 962 nempe
574 909 662 948 rnearn
674 888 785 948 firmant
797 909 870 948 nunc
884 893 940 948 duo
953 895 1037 949 busta
1048 891 1139 950 fidem.
1153 926 1187 934 -

427 980 533 1051 quippe
546 983 698 1049 Lupercus,
711 981 776 1051 eqni
789 983 854 1036 dum
874 983 969 1036 saucia
981 984 1107 1052 protegit
1119 999 1176 1052 ora,

463 1068 518 1123 heu
531 1069 586 1123 sibi
598 1070 732 1139 prolapso
746 1086 802 1124 non
815 1071 887 1126 bene
900 1071 975 1126 cavit
987 1087 1075 1140 equo:

428 1156 526 1210 Gallus
539 1161 576 1222 at,
589 1156 618 1210 in
632 1158 731 1211 caenis
745 1158 809 1211 dum
823 1159 928 1213 credita
941 1160 1022 1228 signa
1035 1165 1137 1228 tuetur,

463 1243 586 1298 concidit
598 1251 661 1299 ante
675 1246 784 1314 aquilae
797 1251 889 1300 rostra
902 1253 1016 1302 cruenta
1029 1263 1105 1302 snae.

427 1331 528 1386 fatales
540 1332 629 1401 pueri,
643 1333 699 1386 duo
712 1331 810 1387 funera
822 1335 919 1388 matris
932 1351 1041 1392 avarae.

465 1433 539 1489 vera,
554 1421 604 1475 sed
615 1420 705 1474 invito
719 1421 837 1490 contigit
848 1423 903 1478 ista
915 1419 994 1478 fides.

398 1543 421 1579 c.
440 1523 517 1580 Idem
532 1542 593 1594 ego,
607 1544 669 1580 cum
682 1527 798 1582 Cinarae
811 1529 935 1583 traheret
946 1531 1052 1585 Lucina
1064 1531 1177 1586 dolores

465 1619 493 1669 et
506 1614 630 1670 facerent
642 1615 714 1670 uteri
727 1617 853 1686 pondera
865 1617 940 1672 lenta
952 1634 1065 1687 moram,

429 1703 563 1771 „Iunonis
575 1710 672 1759 votum
685 1704 767 1758 facite
781 1704 976 1774 impetrabile“
990 1707 1063 1761 dixi:

465 1791 513 1844 illa
525 1793 608 1860 parit,
622 1792 702 1846 libris
714 1798 758 1848 est
771 1793 836 1847 data
849 1795 941 1862 palma
953 1795 1030 1850 meis.

337 2463 381 2515 B¹.
395 2476 420 2514 a.
433 2461 575 2516 Hactenus
594 2460 743 2516 historiae:
769 2479 842 2517 nunc
859 2465 895 2518 ad
911 2468 961 2518 tua
980 2464 1101 2518 devehar
1120 2468 1210 2518 astra:

466 2549 557 2618 incipe
571 2555 602 2603 tu
615 2549 701 2604 sacris
716 2565 820 2618 aequus
834 2551 932 2606 adesse
945 2551 1035 2606 novis.

365 3056 367 3060 .
428 3007 482 3063 hoc
499 3025 590 3077 neque
608 3025 754 3064 arenosum
773 3010 879 3081 Libyae
897 3011 972 3065 Ievis
985 3012 1106 3081 explicat
1123 3018 1240 3080 antrum,

465 3103 513 3151 aut
526 3097 580 3152 sibi
592 3098 754 3152 commissos
766 3093 837 3152 fibra
850 3099 943 3153 locuta
957 3100 1033 3169 deos,

428 3192 477 3240 aut
490 3186 577 3255 siquis
590 3190 680 3242 motas
694 3185 813 3240 cornicis
826 3187 945 3241 senserit
958 3188 1025 3256 alas,

465 3275 598 3329 umbrave
611 3290 682 3343 qnae
695 3274 810 3342 magicis
822 3282 932 3329 mortua
944 3277 1040 3344 prodit
1053 3275 1148 3345 aquis:

428 3363 608 3431 adspicienda
621 3363 668 3418 via
680 3369 725 3418 est
736 3364 806 3418 caeli
818 3380 957 3433 verusque
971 3380 1021 3433 per
1035 3369 1110 3418 astra

463 3457 572 3519 trames,
585 3452 661 3506 stab
675 3452 753 3505 uenis
766 3453 888 3521 quinque
900 3454 1022 3522 petenda
1034 3448 1113 3507 fides.

392 3573 415 3611 c.
433 3557 513 3612 Nunc
525 3559 645 3628 pretinm
657 3557 748 3612 fecere
764 3558 832 3626 deis,
846 3564 875 3612 et
887 3559 992 3613 fallitur
1005 3575 1073 3613 auro

462 3647 599 3715 Iuppiter,
613 3646 743 3716 obliquae
758 3647 837 3715 signa
849 3647 951 3702 iterata
963 3653 1051 3704 rotae.

425 4087 575 4158 felicesque
588 4089 666 4142 Iovis
679 4088 775 4143 stellas
788 4089 939 4159 Martisque
952 4091 1071 4158 rapacis,

461 4181 490 4230 et
501 4192 586 4244 grave
600 4176 712 4230 Saturni
726 4176 803 4230 sidus
816 4176 845 4230 in
858 4194 938 4234 omne
952 4184 1044 4246 caput,

426 4265 494 4336 quid
505 4271 637 4320 moveant
648 4264 740 4332 pisces
753 4265 933 4336 animosaque
947 4267 1027 4336 signa
1039 4265 1130 4320 leonis

460 4354 535 4410 lotus
548 4359 576 4409 et
588 4353 725 4426 Hesperia
738 4353 807 4424 quid
819 4354 999 4424 capricornus
1011 4371 1092 4426 equa.
