3258 5168
868 469 910 554 66

335 643 493 730 excipitur
509 667 559 711 vv.
577 647 617 710 69
642 665 711 728 666.
728 645 843 728 661666
867 642 1063 709 carminibus
1086 640 1186 728 epicis
1209 643 1361 712 valedicit
1383 641 1449 710 alia

335 745 789 834 6661616166666661611616.
835 769 918 833 quae
942 749 1084 815 6661116
1108 769 1181 815 6666
1211 749 1362 836 habeant,
1385 752 1448 818 duo

335 860 477 925 66116166
500 857 732 943 separabimus,
760 857 896 922 alterum
921 855 1006 938 quod
1029 877 1081 921 vv.
1108 862 1225 922 1-1'0
1250 863 1346 924 6169
1372 879 1450 942 sqq,

336 966 472 1030 alterum
490 963 575 1047 quod
590 984 642 1030 vv.
662 970 697 1028 11
711 965 803 1028 -68
821 961 998 1044 conficitur,
1028 968 1125 1044 atque
1145 961 1226 1027 illud
1245 963 1306 1030 hae
1321 971 1397 1031 nota
1412 965 1450 1048 V,

336 1077 386 1156 66,
402 1071 462 1136 666
478 1070 537 1136 1611
552 1070 590 1154 V,
607 1070 648 1136 66
665 1070 730 1134 1661
747 1066 990 1152 distinguemus.

425 1175 627 1242 Carminibus
644 1182 751 1241 661661
760 1195 932 1261 66166166
948 1175 1031 1239 inter
1046 1194 1082 1240 66
1091 1173 1230 1241 66616616
1239 1176 1361 1241 similes
1378 1183 1450 1241 sunt

336 1304 526 1351 versuum
541 1283 582 1346 16
598 1280 782 1364 singulis
799 1281 937 1364 elegiis
953 1281 1063 1367 ipsis
1078 1282 1450 1366 transpositiones.

336 1397 433 1473 atque
450 1411 522 1455 6616
545 1407 649 1473 nuper
664 1387 745 1452 duce
760 1387 900 1452 Diltheio
917 1386 958 1453 (16
975 1385 1163 1452 Callimachi
1180 1386 1331 1474 Cydippe
1347 1393 1449 1471 6166

335 1497 405 1561 iure
421 1502 539 1581 66611.
557 1499 596 1559 74
613 1493 914 1576 transmigraverint
928 1492 966 1576 V,
990 1499 1009 1559 9
1027 1515 1079 1559 vv.
1097 1498 1132 1557 71
1155 1494 1288 1577 66.,1661
1305 1492 1449 1560 eiusdem

338 1603 487 1668 carminis
504 1623 555 1696 vy.
573 1607 613 1666 66
632 1621 696 1683 661

500 1715 627 1788 copulas
642 1713 689 1771 btc
704 1713 806 1772 mundi
819 1727 897 1770 11666
908 1727 954 1770 me
965 1727 1030 1771 meo
1042 1714 1114 1784 fotu
1130 1713 1291 1771 1166611166(

570 1819 676 1892 6661611
683 1836 693 1875 .·
709 1819 784 1876 boec
795 1820 877 1890 fesso
892 1818 942 1876 (11.6
956 1819 1026 1877 mibi
1041 1822 1122 1878 terra
1135 1824 1219 1893 putet

337 1920 413 2003 quin
429 1919 569 1984 alienam
591 1917 702 1984 sedem
719 1919 947 2004 occupaverint
961 1939 1025 1984 non
1049 1918 1240 1986 dubitamus.
1280 1919 1450 1984 Hertzber·

336 2026 409 2108 gius
434 2025 589 2109 explicari
613 2045 743 2090 6666661
774 2045 830 2089 661
860 2034 927 2088 tam
959 2044 1106 2090 severum
1136 2025 1252 2110 puellis
1279 2025 1450 2108 imperium

338 2131 477 2197 ediderit
493 2131 649 2197 Hercules
666 2131 727 2196 sibi
743 2131 913 2215 persuasit,
936 2130 1166 2216 interpretatus
1182 2131 1237 2197 ille
1254 2130 1385 2213 quidem
1400 2137 1452 2196 616

337 2237 529 2303 1666661661
546 2237 586 2302 (16
603 2238 713 2302 166616
730 2257 793 2320 666
809 2258 830 2302 6
845 2236 1033 2303 mulieribus
1056 2236 1179 2302 aditum
1196 2236 1238 2301 ad
1261 2235 1365 2303 tontes
1389 2237 1450 2304 sibi

338 2345 546 2430 expugnavit.
592 2349 625 2408 at
645 2344 718 2408 huic
741 2344 918 2409 sententiae
941 2349 1110 2429 oppugnat
1125 2351 1157 2409 et
1180 2342 1367 2408 hexameter
1387 2342 1451 2427 qui,

339 2427 486 2533 quamvis
503 2455 633 2533 propter
649 2449 834 2548 anaphorae
849 2448 984 2531 figuram
1009 2449 1146 2514 similem
1172 2449 1362 2516 sententiam
1378 2469 1450 2514 con-

336 2557 437 2622 tinere
461 2553 635 2638 videretur,
665 2554 831 2620 tamenin
855 2556 953 2619 611661
977 2562 1074 2636 61666
1098 2561 1299 2640 pentameter
1323 2561 1451 2640 partem

338 2660 497 2744 tonderet,
514 2660 628 2743 61666,
644 2660 730 2742 quod
739 2660 893 2726 Hercules
910 2681 973 2725 non
988 2667 1117 2744 terram,
1138 2661 1195 2727 sed
1211 2661 1332 2726 1661616
1348 2662 1453 2747 661166

331 2767 528 2852 'mulieribus
549 2766 677 2851 6116611.
723 2784 801 2848 ergo
824 2765 874 2831 his
898 2766 1044 2832 versibus
1068 2765 1322 2831 misericordiam
1346 2767 1452 2851 potius

338 2893 469 2939 6161616
501 2871 680 2938 censendus
718 2878 767 2937 661
801 2872 918 2937 1616616
956 2872 1101 2937 laborum
1140 2872 1298 2938 mentione
1337 2873 1453 2955 quibus

337 2980 499 3046 confectus
515 2979 570 3044 vix
600 2979 634 3042 in
657 2978 784 3043 Italiam
806 2979 939 3045 venerit.
984 2979 1079 3043 huius
1103 2984 1211 3043 661661
1234 2978 1357 3044 66661111
1381 2999 1452 3043 6661

213 3151 218 3160 ,
335 3085 423 3150 66116
452 3086 493 3151 611
517 3085 636 3149 61111166
653 3085 714 3150 6161
734 3084 768 3148 16
784 3104 824 3148 66
839 3085 982 3151 61611666
999 3106 1064 3167 666
1087 3103 1107 3147 6
1123 3083 1310 3149 mulieribus
1332 3103 1451 3166 aquam

336 3192 425 3281 petit,
448 3191 525 3257 illuc
546 3191 579 3255 hi
599 3211 713 3257 versus
736 3189 935 3256 hauddubie
952 3199 1025 3256 sunt
1049 3188 1230 3256 revocandi.
1268 3189 1327 3256 scd
1343 3209 1452 3273 quem-

250 3287 254 3294 ’
336 3317 411 3360 nam
442 3297 474 3360 in
503 3317 542 3362 66
570 3297 673 3362 166661
704 3297 905 3382 6611661666
931 3295 1124 3361 obtinuerint
1146 3293 1189 3359 ad
1212 3295 1453 3362 diiudicandum

337 3401 498 3468 (1116611166
523 3409 579 3467 661.
625 3404 701 3468 61161
725 3403 811 3468 66116
835 3409 959 3488 66611.
984 3407 1025 3467 36
1058 3401 1169 3466 1666111
1200 3401 1285 3466 16616
1315 3402 1453 3469 16161661

337 3513 379 3588 (1.
397 3513 451 3588 65)
467 3508 628 3573 mentione
645 3509 765 3593 optime
789 3508 998 3574 transducere
1019 3507 1096 3571 mihi
1121 3507 1182 3573 visi
1198 3507 1329 3573 suntad
1345 3528 1452 3573 161616

339 3614 379 3679 66
395 3613 534 3679 Hercule
550 3620 714 3698 gestarum
731 3614 965 3698 expositionem
981 3619 1045 3693 (vv.
1057 3619 1098 3678 37
1116 3619 1206 3695 666).
1238 3612 1296 3680 sed
1312 3613 1451 3680 1116666-

338 3721 508 3785 tentiarum
524 3739 627 3786 nexus
643 3720 738 3785 nimis
755 3720 919 3802 quaesitus
943 3726 992 3786 661
1013 3718 1230 3802 66666166116
1254 3721 1366 3786 1661611
1386 3720 1452 3786 elu-

339 3827 430 3892 cebit.
462 3824 580 3892 deinde
596 3833 630 3890 ut
644 3832 718 3911 post
732 3847 763 3890 1.
774 3829 814 3892 38
832 3824 1024 3890 collocemus
1039 3825 1096 3892 hos
1105 3845 1228 3909 versus,
1244 3827 1453 3911 eopossimus

338 3932 469 4015 moveri,
490 3931 574 4014 quod
604 3932 650 3998 sic
678 3931 763 3996 haud
792 3932 902 4015 inepte
930 3929 1110 4014 significare
1140 3929 1268 3997 videtur
1296 3932 1453 3999 Hercules

339 4037 613 4122 eandemterram,
629 4058 724 4120 quam
741 4037 819 4102 olim·
833 4037 899 4102 suis
908 4036 1048 4102 humeris
1058 4037 1230 4121 sustulerit,
1245 4057 1329 4103 nunc
1344 4043 1453 4103 tamen

339 4142 401 4208 sibi
417 4141 471 4208 vix
487 4149 609 4227 patere.
655 4161 839 4225 quanquam
855 4163 906 4207 11.
924 4147 964 4206 37
978 4181 1015 4190 -—
1027 4149 1063 4206 41
1086 4142 1166 4208 adeo
1187 4143 1322 4210 1616166
1339 4145 1452 4209 conexi

337 4248 559 4332 6661611666
582 4248 740 4312 sententia
763 4248 923 4313 61161616
952 4248 1074 4313 eisdem
1097 4248 1241 4333 repetitis
1266 4250 1334 4330 (cfr.
1359 4273 1388 4316 v.
1409 4255 1450 4316 37

339 4361 467 4432 anatim
497 4375 526 4418 1.
550 4358 727 4436 39661111),
758 4361 792 4418 61
823 4354 895 4419 61116
918 4355 1047 4420 16116616
1070 4357 1216 4438 66661611
1239 4356 1295 4420 vix
1318 4357 1452 4441 possint
