3226 5162
857 419 897 484 74

408 592 531 658 Eadem
556 593 623 659 fere
656 593 875 680 dispositionis
906 594 1101 660 concinnitas
1130 593 1378 680 deprehenditur
1401 598 1437 662 in

320 719 433 764 carm.
451 701 488 784 V,
506 706 556 784 61,
573 700 658 784 quod
675 720 693 766 e
710 701 746 784 V,
763 706 782 766 6
799 722 850 766 vv.
872 707 985 766 1-19
1011 707 1043 765 11
1059 723 1109 768 vv.
1126 706 1167 768 69
1179 707 1270 768 -86
1287 711 1437 768 constare

319 825 495 891 censemus,
511 815 545 872 at
562 808 688 873 omissis
705 808 826 889 aliquot
842 814 913 890 post
929 829 958 872 v.
968 811 1008 872 85
1018 808 1173 874 versibus.
1204 809 1333 874 exhibet
1348 811 1436 874 enim

319 933 420 995 usque
445 912 487 978 ad
504 935 533 979 v.
552 919 592 979 82
617 934 675 979 sex
692 921 919 996 quaternorum
937 933 1087 979 versuum
1103 914 1265 1001 strophas3
1294 915 1435 997 indeque

319 1021 375 1103 qui
399 1021 513 1103 reliqui
537 1021 600 1086 sint
625 1042 676 1086 vv.
694 1025 734 1086 83
747 1025 838 1088 -86
861 1021 1012 1086 similium
1033 1021 1235 1106 stropharum
1252 1021 1436 1105 fragmenta

319 1111 765 1194 emmwmm'

410 1251 512 1316 Multo
530 1257 637 1315 autern
646 1250 752 1332 magis
762 1250 947 1334 perturbata
965 1256 1013 1314 est
1029 1269 1146 1314 carm.
1163 1251 1200 1334 V,
1218 1256 1235 1315 7
1253 1250 1434 1318 distributio
1530 1241 1546 1272 ⁸

318 1358 465 1424 versibus
490 1357 676 1442 deperditis.
712 1377 787 1420 nam
804 1357 968 1422 translatis
991 1361 1092 1422 vv.35
1107 1396 1142 1404 -
1156 1362 1196 1424 38
1209 1365 1281 1444 post
1297 1380 1326 1423 v.
1343 1364 1384 1424 76
1402 1366 1434 1425 et

319 1487 368 1531 vv.
386 1471 424 1528 51
437 1469 529 1528 -54
547 1472 618 1549 post
635 1485 664 1529 v.
681 1467 723 1528 22
748 1464 878 1528 lacunas
901 1463 1063 1529 invenisse
1087 1463 1234 1529 videmur
1257 1471 1329 1550 post
1345 1488 1374 1531 v.
1392 1470 1432 1530 34

318 1579 349 1638 11
366 1577 417 1637 50.
462 1579 571 1637 tamen
593 1571 708 1654 harum
731 1590 839 1636 rerum
855 1571 978 1636 ratione
994 1570 1104 1635 habita
1120 1572 1328 1656 probabiliter
1351 1571 1434 1641 hanc

318 1679 458 1768 partium
475 1679 591 1746 scriem
610 1679 758 1761 quamvis
774 1679 878 1745 minus
895 1698 1068 1761 congruam
1085 1685 1279 1745 statuemus:

405 2074 645 2156 Elegantiorem
662 2079 769 2138 autem
794 2079 825 2138 et
845 2072 1079 2139 concinniorem
1096 2073 1235 2159 partium
1251 2075 1430 2157 responsio-

316 2201 390 2246 nem
413 2201 491 2264 prae
516 2201 550 2246 sc
575 2180 636 2246 fert
661 2201 777 2245 carm.
793 2180 830 2265 V,
849 2185 876 2264 8,
902 2181 990 2247 cuius
1014 2203 1065 2246 vv.
1085 2185 1123 2246 19
1142 2200 1186 2261 sq.
1204 2186 1276 2264 post
1291 2200 1320 2245 v.
1346 2184 1430 2246 2re-

316 2286 472 2352 duximus.
510 2287 598 2369 atqui
615 2287 769 2372 bipartita
786 2293 834 2352 est
849 2292 915 2352 tota
932 2287 1055 2369 elegia:
1084 2287 1263 2371 praemissa
1279 2308 1330 2352 vv.
1350 2293 1362 2350 1
1384 2308 1431 2371 sq.

316 2401 347 2458 et
366 2399 404 2460 19
422 2415 468 2478 sq.
485 2395 665 2476 argumenti
682 2393 941 2478 pronuntiatione
958 2415 1008 2460 vv.
1021 2399 1039 2459 3
1052 2433 1093 2440 —-
1107 2397 1162 2475 183
1184 2397 1223 2457 21
1235 2430 1275 2440 —
1288 2397 1329 2459 26
1347 2392 1431 2480 Cyn-

315 2501 401 2566 thiae
424 2499 466 2564 ad
486 2500 657 2565 draconem
674 2501 877 2565 Lanuuinum
901 2501 962 2566 iter
986 2499 1191 2582 describitur3
1221 2521 1272 2566 vv.
1289 2504 1432 2567 27-88

316 2607 393 2690 quid
410 2609 544 2673 ahsente
569 2608 674 2672 amica
695 2615 792 2693 poeta
813 2608 1007 2673 commiserit
1024 2613 1199 2672 enarratur.
1245 2612 1342 2688 atque
1359 2629 1432 2691 pos—

315 2715 463 2779 teriorem
489 2720 614 2798 partem
640 2712 810 2779 manifesto
835 2736 886 2779 vv.
902 2718 943 2778 27
961 2734 1008 2795 sq.
1031 2713 1232 2798 praeparari,
1256 2735 1307 2777 vv.
1326 2717 1366 2778 87
1385 2734 1432 2795 sq.

315 2821 439 2887 absolvi
456 2842 539 2884 nunc
556 2819 685 2884 disertis
695 2821 802 2886 verbis
818 2841 931 2885 moneo
941 2826 1073 2905 propter
1087 2840 1157 2884 eam
1176 2818 1432 2884 emendationem

315 2947 411 3008 quam
436 2928 493 2990 illa
518 2926 630 2992 horum
647 2948 797 2992 versuum
814 2928 1022 3011 responsione
1046 2924 1227 2990 confirmari
1243 2946 1342 3009 supra
1359 2947 1431 2990 con-

314 3032 411 3097 tendi.
450 3040 557 3099 cetera
581 3041 688 3098 autem
705 3041 739 3099 ut
756 3033 850 3099 facile
868 3035 1064 3119 perspiciant
1078 3035 1224 3118 lectores,
1245 3033 1305 3098 hac
1321 3033 1432 3098 tabula

316 3140 452 3204 curabo:

947 3444 1069 3465 &nnn-J

769 3478 1265 3510 N-——u—n-——n——d'

404 3565 551 3648 Denique
568 3586 686 3630 carm.
703 3567 740 3650 V,
760 3573 808 3650 11,
829 3537 904 3631 cum
928 3567 1000 3631 aliis
1025 3567 1065 3632 de
1087 3568 1192 3632 causis
1208 3566 1432 3652 imperfectum

316 3691 387 3736 esse
404 3673 618 3756 statuerimus,
642 3693 682 3737 ne
706 3674 968 3758 compositionem
986 3673 1115 3755 quidem
1140 3679 1260 3738 certam
1280 3672 1432 3738 ostendit

239 3861 241 3868 y
315 3777 372 3843 sed
397 3784 504 3843 tamen
527 3779 555 3844 si
578 3800 629 3844 vv.
648 3783 687 3843 65
706 3799 752 3862 sq.
769 3786 840 3862 post
857 3803 885 3846 v.
903 3785 953 3864 60,
970 3802 1020 3846 vv.
1037 3785 1078 3846 97
1096 3801 1142 3862 sq.
1166 3786 1239 3863 post
1255 3801 1284 3846 v.
1301 3783 1341 3844 62
1359 3802 1431 3865 pro-

315 3885 465 3950 habiliter
473 3886 674 3969 inseruimus,
691 3892 954 3951 certosversuum
963 3886 1091 3952 ordines
1107 3887 1432 3953 sententiaevinculis

314 3990 493 4056 arctissime
510 3993 693 4056 coniunctos
710 4013 781 4057 esse
799 3994 953 4058 sentimus
970 3992 1110 4058 adhunc
1126 3993 1272 4057 modum:

463 4096 1283 4168 2><4.2.4><4.2.2-><l.5><6.8.8.4.2><6.4.

315 4229 348 4286 at
371 4222 404 4284 in
425 4220 484 4284 hac
508 4222 745 4305 compositionis
770 4223 878 4307 specie
902 4244 985 4306 quae
1009 4243 1160 4289 versuum
1181 4244 1313 4288 numero
1338 4225 1433 4308 paria

316 4334 389 4392 sunt
419 4327 578 4393 sententia
599 4348 728 4413 semper
752 4329 945 4416 discrepant.
1000 4331 1109 4412 itaque
1132 4331 1192 4395 hoc
1216 4349 1343 4413 qnoque
1366 4352 1432 4395 non
