3226 5162
710 452 752 514 95

178 631 285 693 autem
308 626 381 710 ipsa
404 625 503 690 etiam
535 623 700 692 dissimilis
729 632 777 691 cst
807 633 940 712 propter
969 624 1131 692 diversam
1154 627 1292 693 nominis

172 751 252 814 porr
266 732 354 817 apud
362 731 564 818 Propertium
580 737 612 797 et
620 730 772 798 Ovidium
789 731 1064 815 significationem.
1095 753 1200 816 neque
1216 753 1292 800 vero

177 837 235 904 hos
251 857 364 905 versus
379 837 466 904 ada
485 843 548 904 754
570 843 615 918 (1)
637 843 785 924 spectare
801 858 900 925 supra
915 837 980 902 iam
997 838 1293 906 animadvertimus.

177 951 348 1031 praeterea
361 965 426 1010 non
441 950 551 1010 contra
572 944 650 1012 artis
672 965 827 1028 normam,
848 950 883 1009 ut
898 944 1113 1011 Heimreiohio
1130 946 1218 1012 visus
1235 953 1293 1030 est,

177 1051 215 1136 V,
231 1055 260 1136 6,
277 1055 317 1118 83
334 1051 369 1116 in
384 1071 461 1117 casu
476 1051 605 1133 obliquo
625 1058 711 1132 siper
725 1050 873 1117 vocabuli
893 1051 1031 1135 primam
1047 1052 1208 1138 syllabam
1225 1073 1292 1118 cor-

177 1157 275 1242 ripuit
290 1165 395 1243 poeta.
440 1157 565 1224 accedit
581 1157 667 1240 quod
683 1158 875 1224 vocabulum
890 1157 1029 1227 fortasse
1054 1166 1238 1246 corruptum
1260 1160 1293 1224 in

170 1263 401 1331 'documentum
425 1263 579 1332 adhibere
609 1285 674 1331 non
705 1263 818 1336 decer..
849 1285 955 1349 neque
986 1265 1071 1331 enim
1096 1267 1174 1332 satis
1197 1265 1293 1331 facilc

178 1371 332 1456 explicari
347 1370 408 1436 hoc
423 1391 520 1457 posse
536 1372 634 1437 etiam
650 1371 855 1455 Hertzbergii
872 1370 915 1437 ad
923 1372 953 1437 b.
966 1374 986 1437 l.
1004 1373 1169 1438 adnotatio
1186 1380 1291 1439 osten-

177 1475 233 1541 dit.
264 1495 307 1541 an
321 1483 427 1558 aiproe
448 1497 567 1543 arenae
584 1477 731 1543 dicuntur
747 1486 881 1563 propter
896 1477 1021 1544 cladem
1037 1479 1083 1544 ibi
1100 1477 1293 1564 acceptam?

178 1581 297 1651 deinde
314 1584 465 1668 earmina,
481 1583 596 1666 quibus
613 1583 700 1648 urbis
716 1583 838 1648 Romae
851 1585 1035 1670 periegesin
1052 1583 1207 1650 conficere
1224 1605 1293 1650 coe-

177 1691 263 1775 perit
278 1690 475 1777 Propertius,
499 1690 617 1755 iniuria
636 1689 870 1756 Heimreichius
893 1691 1055 1756 contendit
1078 1710 1142 1756 non
1164 1690 1294 1757 novisse

178 1795 328 1864 Ovidium
345 1797 400 1880 qui
416 1798 448 1861 in
464 1797 535 1862 fast.
553 1798 584 1862 ΙΙ
600 1819 650 1863 vv.
668 1802 686 1862 3
704 1816 772 1880 sqq.
789 1795 870 1862 haec
886 1796 1068 1882 scripserit:

356 1977 435 2022 nunc
443 1963 572 2039 primum
588 1963 666 2040 celis,
683 1962 763 2040 slepi,
779 1961 939 2021 maioribus
954 1962 1017 2020 ios:

434 2070 580 2144 eaipraum,
596 2069 719 2147 memini,
734 2085 830 2144 cuper
846 2068 937 2128 erotis
952 2084 1032 2143 opus.

359 2175 421 2250 ipse
436 2191 490 2249 epo
506 2192 557 2234 cos
573 2174 663 2234 babai
674 2175 782 2247 faciles
796 2177 827 2233 irc
843 2190 945 2234 amore
959 2175 1112 2251 ministros,

410 2296 475 2339 eum
490 2281 557 2338 lusit
571 2281 699 2339 sumens
706 2281 810 2355 prima
825 2281 945 2339 iuventa
960 2281 1027 2338 suis.

358 2387 434 2444 idem
449 2403 542 2446 soora
558 2403 634 2445 corso
649 2388 825 2461 sipnclcque
840 2392 971 2462 temporo
983 2385 1089 2459 fastis:

409 2494 508 2567 ecquis
523 2493 567 2551 ad
579 2493 655 2552 boec
669 2494 749 2552 illice
763 2494 898 2552 mederet
912 2509 976 2552 esse
991 2493 1089 2552 oium?

176 2647 292 2728 quibus
317 2646 463 2712 versibus
490 2644 625 2711 Ovidius
650 2647 844 2731 comparatis
869 2646 1005 2710 aliorum
1028 2651 1103 2710 ante
1127 2665 1162 2712 se
1185 2646 1289 2731 ipsum

175 2759 344 2836 poetarum
361 2753 556 2819 carminibus
566 2773 637 2818 cnm
651 2751 806 2820 festorum
822 2750 1045 2835 magnitudine
1062 2752 1173 2836 elegos
1188 2772 1292 2837 nuper

175 2859 326 2942 exiguum
344 2880 424 2943 opus
448 2857 549 2924 luisse
572 2858 604 2923 ni
628 2857 723 2924 fallor
746 2858 963 2927 Heimreichio
987 2856 1131 2944 profiteri
1154 2857 1289 2925 videtur.

175 2971 208 3029 at
223 2964 307 3030 hunc
324 2965 430 3030 locum
445 2970 480 3030 ut
496 2965 542 3030 ita
558 2966 666 3051 potins
682 2965 930 3051 interpretemur
946 2965 1039 3048 quasi
1055 2964 1100 3030 ad
1115 2986 1173 3032 sua
1190 2966 1291 3051 ipsius

176 3071 318 3136 earmina
333 3071 493 3137 amatoria
507 3071 685 3156 respiciens
701 3072 790 3138 illam
803 3072 995 3138 sententiam
1010 3072 1128 3156 tulerit,
1144 3073 1196 3138 vel
1212 3079 1292 3137 illinc

174 3197 238 3242 vox
258 3175 375 3244 suadet
397 3197 481 3260 quae
508 3175 615 3243 Ovidii
639 3178 763 3261 elegias
787 3178 962 3244 amatorias
986 3184 1099 3263 aperte
1123 3177 1290 3260 significat.

175 3303 252 3365 ergo
268 3289 372 3347 utrum
391 3303 431 3348 ea
447 3283 597 3367 earmina,
614 3283 655 3349 de
671 3284 786 3366 quibus
803 3283 996 3366 quaerimus,
1012 3283 1138 3348 noverit
1154 3283 1290 3350 Ovidius

173 3408 286 3472 necne,
303 3407 343 3453 ex
358 3387 408 3454 his
425 3388 573 3455 versibus
589 3388 722 3474 probari
736 3389 856 3471 nequit.
889 3387 992 3471 quid?
1010 3389 1137 3454 etiamsi
1153 3388 1289 3475 adprio·

173 3516 244 3559 rum
261 3501 429 3579 poetarum
445 3495 588 3561 earmina
603 3495 746 3560 animum
762 3494 948 3562 attendebat
961 3494 1105 3578 Ovidius,
1120 3499 1228 3560 tamen
1243 3494 1290 3559 illi

174 3601 357 3666 necessario
373 3601 454 3666 ratio
470 3600 621 3666 habenda
642 3622 706 3666 non
723 3607 794 3666 erat
811 3602 918 3685 operis
935 3622 955 3665 a
971 3601 1139 3687 Propertio
1155 3621 1219 3668 non
1234 3601 1289 3666 ab·

174 3705 285 3788 soluti3
313 3727 376 3789 quo
401 3704 531 3789 quidem
553 3712 638 3772 certe
655 3707 740 3790 elegi
758 3707 909 3790 exiguum
934 3728 1014 3793 opus
1031 3727 1182 3773 essenon
1206 3707 1289 3772 desi-

174 3819 275 3878 erunt.
329 3812 467 3895 denique
501 3833 566 3896 qua
593 3811 723 3878 tandem
751 3813 886 3899 ratione,
923 3813 977 3878 ubi
1008 3812 1089 3878 haec
1123 3813 1290 3897 scripserit

174 3918 318 4004 Ovidius,
334 3919 399 3983 iarn
409 3918 530 3985 editum
539 3918 639 3986 fuisse
655 3918 772 3986 librum
782 3920 925 4004 quintum
935 3917 1288 4004 demonstraripotest‘l

174 4046 269 4107 quem
285 4033 359 4110 post
381 4033 497 4110 poetae
513 4032 648 4093 mortem
674 4047 735 4108 quo
752 4033 897 4111 tempore
919 4025 1083 4092 emiserint
1107 4024 1202 4090 amici
1225 4045 1288 4092 non

174 4136 305 4196 constat.
336 4131 393 4196 sed
409 4131 565 4198 incertum
582 4152 660 4197 sane
675 4133 735 4198 hoc
750 4139 975 4214 argumentum
992 4152 1096 4214 neque
1112 4152 1200 4216 vero,
1217 4152 1287 4196 cum

173 4235 231 4299 illa
247 4255 330 4317 quae
352 4237 514 4303 attulimus
536 4236 703 4321 sufficiant,
726 4239 944 4303 necessarium
970 4246 1027 4304 est.
1072 4259 1114 4303 an
1130 4239 1286 4303 Heimrci-

173 4340 310 4408 reiohius
326 4338 476 4406 Ovidium
493 4340 594 4408 fastos
618 4343 758 4408 maxime
775 4342 974 4409 conditurum
991 4343 1033 4408 ad
1049 4344 1129 4408 haec
1145 4344 1287 4409 carmina
