3258 5168
863 439 905 500 28

509 619 609 676 Actius
625 620 700 676 boec
715 635 838 676 cernens
854 635 955 678 orcam
971 617 1138 677 intendebat
1153 619 1256 693 Apollo

508 726 649 799 desuper:
665 726 756 784 omnis
772 740 805 782 eo
821 729 935 783 terrore
950 725 1100 799 Aegyptus
1116 731 1143 782 ot
1158 725 1235 795 Iudi,

508 832 598 889 omnis
613 828 718 908 Arabs,
735 847 831 889 onrnes
846 830 996 890 vertebant
1011 836 1096 906 torpa
1113 830 1231 890 Sabaei.

328 930 402 995 hinc
418 932 517 1013 igitur
541 930 694 996 discimus
710 931 913 1016 Propertium
931 932 1057 1016 epicum
1081 932 1122 996 de
1144 932 1240 997 rebus
1264 952 1284 995 a
1300 931 1442 997 Caesare

326 1039 426 1121 gestis
458 1059 537 1120 opus
569 1038 746 1120 incohasse,
782 1037 840 1103 sed
878 1036 1017 1102 nondum
1054 1039 1236 1104 absolutum
1274 1038 1441 1104 abiecisse.

327 1165 402 1208 nam
418 1144 446 1208 si
462 1143 651 1209 confecisset
666 1143 754 1226 illud,
776 1144 848 1209 aliis
865 1144 1074 1228 scriptoribus
1090 1144 1148 1209 has
1164 1164 1216 1210 res
1233 1144 1441 1210 celebrandas

327 1271 363 1316 se
378 1251 559 1331 relinquere
576 1250 631 1314 vix
657 1248 821 1316 consessus
845 1257 930 1315 esset
946 1271 996 1316 vv.
1015 1256 1054 1315 77
1072 1270 1140 1333 sqq.
1186 1271 1291 1333 neque
1306 1248 1441 1316 incredi-

327 1357 391 1421 dile
407 1361 456 1422 est
471 1361 545 1420 ante
560 1362 703 1421 nostrum
720 1376 849 1421 carmen
865 1362 929 1436 (vv.
942 1361 1046 1422 1-10
1056 1363 1088 1422 et
1104 1362 1145 1423 69
1160 1362 1251 1441 sqq),
1269 1355 1353 1439 quod
1370 1362 1443 1441 post

327 1484 355 1527 a.
381 1468 442 1528 738
471 1467 547 1544 (16.)
572 1461 667 1526 finem
699 1463 912 1547 perscriptum
936 1483 1008 1528 esse
1032 1461 1223 1548 videbimus,
1253 1463 1328 1529 huic
1350 1461 1441 1547 operi

327 1589 400 1634 eum
417 1589 549 1654 operam
566 1567 705 1652 dedisse,
722 1571 872 1651 quoniam
896 1569 976 1633 illud
999 1571 1064 1634 iam
1088 1591 1184 1636 earm.
1208 1571 1264 1654 ΙΙΙ,
1293 1576 1331 1635 to
1356 1567 1441 1652 quod

327 1697 354 1740 a.
372 1679 435 1740 732
459 1679 536 1755 (22.)
561 1674 739 1740 coniectum
763 1682 812 1741 est
842 1675 988 1758 Augusto
1013 1676 1159 1761 promisit
1182 1683 1214 1742 et
1237 1697 1257 1742 a
1281 1675 1439 1760 Cynthiae

327 1801 436 1846 amore
454 1781 536 1845 liber
552 1780 689 1846 tortasse
706 1781 815 1846 statim
833 1783 974 1848 scribere
990 1783 1144 1867 coeptat)
1176 1782 1242 1867 sed,
1259 1788 1293 1847 nt
1309 1781 1440 1847 redeam

326 1885 410 1951 unde
434 1886 600 1969 digressus
625 1908 704 1970 sum,
729 1908 780 1952 vv.
806 1893 947 1954 11-68
971 1911 992 1954 a
1015 1889 1130 1954 ceteris
1155 1896 1189 1953 ut
1211 1909 1369 1973 separem,
1391 1887 1440 1953 his

326 1992 469 2058 adducor
493 1993 606 2058 causis.
652 2015 728 2058 nam
752 1995 780 2060 si
804 2015 915 2060 omnes
939 1993 1034 2059 huius
1058 1995 1208 2060 carminis
1232 2014 1344 2060 versus
1369 2013 1440 2059 esse

325 2106 480 2183 tenemus,
498 2098 583 2181 quod
599 2098 688 2163 alind
705 2101 773 2166 eius
790 2107 1014 2182 argumentum
1032 2089 1104 2166 esse
1129 2107 1242 2185 potest,
1266 2101 1293 2165 si
1310 2099 1440 2182 quidem

326 2205 483 2290 Apollinis
506 2205 647 2270 Palatini
671 2206 754 2272 iusto
779 2208 910 2272 consilio
934 2207 1128 2272 mentionem
1153 2207 1269 2271 iactam
1293 2226 1366 2273 esse
1386 2227 1440 2271 vo-

326 2313 439 2396 lumus,
470 2320 567 2395 atque
600 2312 685 2396 quod
706 2314 936 2396 Hertzbergius
959 2316 982 2377 Ι.
1007 2337 1037 2398 p.
1063 2316 1103 2380 28
1125 2319 1157 2378 et
1181 2316 1244 2378 228
1269 2312 1441 2397 proposuit,

325 2419 472 2483 ludorum
504 2420 788 2502 quinquennalium
819 2440 847 2483 a.
874 2424 936 2484 738
963 2424 1040 2500 (16.)
1068 2420 1101 2483 in
1129 2439 1258 2504 pugnae
1286 2419 1440 2484 Actiacae

324 2525 478 2589 honorem
511 2525 743 2589 celebratorum
772 2525 1002 2611 praeparatio?
1047 2546 1186 2609 namque
1216 2545 1256 2590 ne
1286 2531 1359 2610 post
1381 2524 1439 2591 hos

324 2629 418 2696 ludos
434 2631 558 2696 habitos
575 2630 619 2694 ad
635 2651 690 2696 eos
706 2631 886 2699 laudandos
899 2632 959 2697 hoe
968 2652 1098 2697 carmen
1112 2632 1322 2717 compositum
1331 2631 1439 2716 ducas,

326 2743 437 2801 vetant
460 2737 632 2801 verborum
658 2739 849 2803 coniunctivi
870 2740 901 2803 in
926 2760 976 2804 vv.
1002 2744 1039 2803 71
1067 2759 1135 2821 sqq.
1158 2738 1368 2822 inprimisque
1392 2737 1438 2802 iu·
1503 2763 1509 2772 ·

324 2849 428 2907 turum
444 2848 572 2928 tempus
595 2843 628 2907 in
654 2865 704 2907 vv.
730 2848 770 2908 85
795 2865 841 2926 sq.
894 2845 949 2910 illo
974 2851 1082 2910 tamen
1107 2845 1236 2910 consilio
1261 2851 1355 2929 capto
1379 2844 1438 2929 Sy-

325 2950 471 3014 cambros
480 2948 623 3014 devictos
633 2971 661 3013 v.
673 2955 712 3014 77
723 2970 974 3017 commemorare
983 2951 1122 3015 nondum
1137 2952 1240 3035 potuit
1252 2950 1439 3036 Propertius

323 3060 455 3140 propter
478 3057 632 3139 temporis
649 3057 805 3140 rationes3
839 3079 918 3140 quas
943 3058 1103 3142 copiosius
1126 3057 1209 3121 infra
1232 3077 1439 3142 exponemus.

324 3169 495 3247 praeterea
510 3160 657 3226 ludorum
674 3163 707 3227 in
723 3168 787 3228 toto
805 3165 944 3229 carmine
960 3164 1218 3229 commemoratio
1234 3163 1439 3247 indagabitur

323 3270 419 3352 nulla,
442 3267 500 3334 sed
524 3275 556 3333 et
579 3291 629 3334 vv.
657 3276 693 3334 11
721 3291 767 3353 sq.
792 3276 824 3336 et
847 3292 898 3337 vv.
924 3276 964 3337 67
989 3292 1035 3354 sq.
1056 3270 1141 3336 unde
1170 3269 1268 3335 aedes
1291 3270 1439 3336 Palatina

323 3375 466 3461 Apollini
483 3374 589 3440 dicata
606 3377 646 3441 sit
662 3378 826 3461 explicare
843 3399 877 3444 se
899 3377 1027 3443 disertis
1051 3379 1158 3444 verbis
1179 3383 1274 3460 poeta
1297 3383 1439 3444 testatur.

266 3547 269 3552 ,
323 3501 428 3564 neque
445 3481 612 3563 qnisquam
629 3485 830 3548 versusillos
846 3485 978 3549 nuncin
993 3483 1102 3549 media
1111 3485 1217 3567 elegia
1229 3485 1349 3568 positos
1366 3505 1438 3568 pro-

323 3589 499 3653 oemiorum
524 3595 555 3652 et
580 3588 803 3674 clausularum,
833 3591 947 3673 quibus
972 3598 1100 3656 ceterae
1124 3591 1163 3656 de
1187 3591 1327 3673 antiquis
1350 3590 1438 3656 urbis

323 3694 444 3760 Romae
465 3694 543 3760 locis
567 3696 667 3761 sacris
691 3697 821 3781 templis
851 3699 977 3780 elegiae
1000 3698 1173 3763 instructae
1196 3698 1267 3782 sint,
1298 3697 1437 3782 speciem

323 3821 403 3887 prae
420 3821 455 3868 se
472 3800 557 3867 ierne
574 3809 606 3867 et
622 3809 769 3869 naturam
785 3804 918 3887 negabit
933 3804 1057 3868 collatis
1074 3805 1112 3887 V,
1128 3810 1158 3888 4,
1184 3811 1195 3868 l
1218 3825 1263 3886 sq.
1285 3811 1316 3869 et
1331 3807 1372 3868 83
1390 3824 1437 3885 sq.

323 3914 377 3972 aut
394 3908 431 3992 V,
448 3913 477 3992 9,
496 3913 510 3972 1
530 3928 576 3993 sq.
594 3914 626 3973 et
642 3913 682 3974 45
700 3930 768 3992 sqq.
816 3917 858 3993 at,
873 3910 988 3993 inquis,
1005 3931 1056 3975 vv.
1074 3913 1114 3974 69
1132 3931 1195 3994 sq:

504 4019 579 4079 bello
595 4022 667 4079 solis
682 4023 789 4080 cecini:
805 4023 950 4081 citburom
966 4023 1025 4080 tom
1035 4023 1135 4096 poscit
1149 4023 1252 4098 Apollo

549 4128 639 4185 tactor
656 4135 683 4185 ot
699 4130 742 4186 od
751 4129 889 4202 placidos
906 4131 986 4188 erait
1001 4145 1088 4188 omo
1103 4131 1208 4188 oboros

342 4283 535 4292 --—--

393 4351 419 4421 *)
434 4350 488 4405 Uir.
502 4368 574 4420 quae
588 4352 679 4420 capite
693 4357 793 4421 quarto
808 4353 841 4406 de
856 4352 898 4406 his
913 4354 996 4407 rebus
1010 4339 1223 4422 disputavimus.
