3226 5162
747 373 788 436 87

211 549 477 618 auctoremevita
493 546 682 614 discessisse
698 547 856 631 probaret
887 565 992 630 neque
1008 552 1116 613 tamen
1126 546 1186 612 hoc
1194 567 1324 614 carmen

210 657 384 741 adsignare
399 655 511 722 liceret
527 677 554 720 a.
573 659 634 719 742
653 658 729 738 (12),
753 673 815 738 666
837 653 967 735 quidem
983 653 1083 718 etiam
1099 652 1166 718 ludi
1182 654 1231 719 illi
1247 653 1324 721 16611

211 768 300 830 sunt:
322 762 377 830 cfr.
393 762 610 827 Mommseuus
625 761 659 824 in
674 761 739 826 reb.
748 765 827 844 gest
842 759 1163 845 diviAugusti'pp.25
1173 782 1220 845 66.
1250 783 1324 827 nam

211 868 324 936 eodem
352 889 434 934 anno
458 867 630 953 Sycambri
660 867 873 933 rebellarunt:
908 865 962 931 cfr.
986 865 1048 933 Dio
1072 868 1091 931 l.
1115 867 1197 953 LIV,
1226 871 1267 933 32
1293 873 1325 933 61

210 976 426 1042 Mommsenus
450 975 469 1038 l.
485 975 505 1038 l.
521 994 550 1057 p.
568 978 618 1040 92.
664 994 744 1057 6666
769 994 840 1039 cum
864 971 994 1039 demum
1018 993 1046 1038 a.
1071 978 1134 1039 746
1160 978 1204 1054 (8)
1221 975 1324 1042 victos

211 1102 283 1149 esse
305 1082 368 1148 Dio
393 1082 412 1144 l.
436 1081 502 1164 LV,
525 1086 544 1146 6
569 1085 711 1165 testetur,
734 1086 805 1164 post
828 1079 911 1146 hunc
934 1101 1054 1146 annum
1073 1079 1324 1164 regrediendum

210 1193 304 1258 esset.
348 1194 382 1253 at
398 1189 480 1254 inter
496 1209 523 1254 a
543 1191 604 1254 738
623 1192 689 1267 (16)
708 1191 865 1254 616746
887 1190 933 1268 (8)
954 1208 1031 1252 num
1053 1186 1132 1252 nihil
1156 1187 1323 1273 scripsisse

209 1301 338 1379 poetam
353 1292 489 1360 credes?
520 1294 609 1360 nulla
625 1293 711 1358 enim
728 1313 769 1360 ex
783 1293 834 1360 his
851 1295 944 1360 annis
959 1294 1103 1359 carmina
1117 1293 1336 1386 1166616661).Ι

211 1421 382 1484 quaecum
399 1402 445 1468 ita
467 1401 540 1484 sint,
559 1406 689 1484 propter
705 1399 900 1486 Sycambros
917 1399 1070 1485 devictos,
1086 1420 1220 1483 quorum
1235 1421 1323 1466 men-

210 1508 296 1573 tione
320 1513 441 1575 certum
464 1507 618 1590 temporis
642 1507 771 1590 signum
803 1507 988 1591 sentinetur,
1020 1513 1164 1572 nostrum
1194 1527 1324 1572 carmen

209 1615 338 1680 1666616
354 1612 422 1680 fere
439 1635 466 1678 a.
485 1617 546 1680 739
569 1618 637 1692 (15)
653 1619 726 1698 post
747 1612 841 1679 ludos
865 1613 1121 1697 quinquennales
1146 1612 1324 1680 celebratos

210 1719 371 1788 conditum
388 1740 460 1787 esse
476 1718 613 1786 videtur.
645 1740 709 1802 qua
724 1720 848 1786 ratione
864 1720 1001 1806 probata
1008 1719 1168 1804 Apollinis
1184 1719 1323 1785 Palatini

209 1828 280 1893 laus
296 1826 507 1910 eiusdemque
524 1826 637 1910 templi
661 1827 780 1892 mentio
805 1827 875 1892 sine
895 1826 979 1891 iusto
996 1825 1129 1892 consilio
1146 1825 1238 1891 illata
1253 1831 1323 1892 est:

208 1933 322 1998 harum
339 1933 424 1998 enim
441 1953 548 1998 rerum
565 1938 653 1998 certa
673 1931 833 2015 quaedem
855 1931 1058 1999 necessitudo
1082 1952 1153 1999 cum
1176 1930 1324 1997 ludorum

209 2044 332 2125 tantum
348 2038 607 2124 pronuntiatione
624 2046 682 2105 661.
728 2059 805 2122 ergo
826 2045 955 2124 praeter
971 2044 1096 2104 ceteras
1113 2058 1227 2106 causas
1244 2058 1324 2124 quas

208 2166 306 2231 supra
323 2146 530 2232 exposuimus
555 2144 652 2210 ctiam
667 2151 797 2230 propter
812 2144 895 2210 hanc
911 2144 1144 2211 difficultatem·
1157 2167 1209 2212 vv.
1236 2151 1320 2210 11-

210 2256 251 2318 68
261 2251 304 2316 ad
312 2252 500 2338 periegesin
509 2250 682 2319 revocandi
698 2257 788 2334 6661)
810 2252 926 2318 ceteris
938 2257 1046 2317 autem
1055 2251 1220 2335 profitetur
1227 2257 1324 2335 poeta

208 2359 335 2426 omissis
351 2359 445 2426 hellis
460 2358 614 2424 hilariora
629 2363 821 2442 argumenta
844 2378 880 2425 se
906 2377 979 2425 6666
995 2363 1212 2424 tractaturum.
1257 2358 1323 2424 iam

208 2485 285 2532 vero
309 2465 478 2548 utriusque
502 2465 655 2530 carminis
675 2471 802 2549 tempus
827 2465 924 2531 facile
948 2463 1073 2530 definiri
1096 2470 1219 2551 potest:
1248 2484 1323 2529 nam

208 2592 325 2638 carm.
350 2571 388 2655 V,
416 2577 458 2636 66
481 2570 651 2656 Sycambri
676 2570 796 2639 devicti
826 2578 899 2654 post
921 2592 950 2636 a.
972 2575 1036 2637 738
1062 2576 1128 2651 (16)
1154 2577 1324 2638 exeuntem

208 2684 368 2745 revocant.
414 2684 511 2761 atque
534 2698 649 2743 carm.
666 2678 704 2763 V,
729 2679 770 2745 ab
786 2678 839 2744 vel
855 2678 1016 2764 Apollinis
1039 2679 1158 2762 templo
1175 2678 1324 2744 Palatino

207 2806 237 2850 v.
257 2791 292 2850 11
313 2791 569 2868 commemorato,
595 2789 628 2849 61
644 2790 751 2852 cetera
767 2783 914 2852 eiusdem
930 2784 1059 2868 generis
1076 2785 1227 2867 carmina,
1251 2790 1324 2871 post

207 2911 236 2956 6.
253 2895 316 2956 726
335 2895 401 2970 (28)
419 2891 572 2975 scriptum
590 2910 661 2957 esse
678 2890 922 2956 demonstratur.
959 2891 1026 2955 iam
1042 2910 1118 2958 vero
1136 2891 1234 2956 otiam
1250 2898 1323 2977 6661

207 3017 236 3062 6.
253 3000 315 3063 732
334 2999 401 3077 (22)
424 2996 506 3062 haec
529 2997 673 3062 carmina
695 2996 889 3062 retrahenda
913 3015 985 3064 esse
1008 2996 1081 3064 aliis
1106 2997 1204 3062 etiam
1228 3019 1323 3081 argu-

206 3104 323 3172 mentis
340 3102 493 3170 adhibitis
516 3125 616 3190 supra
639 3103 816 3170 docuimus.
860 3125 953 3190 nunc,
976 3109 1011 3170 ut
1033 3103 1163 3171 tandem
1187 3106 1323 3172 alterum

207 3210 293 3294 quod
316 3210 523 3296 promisimus
555 3219 781 3294 argumentum
813 3209 1132 3296 comprehendamus,
1159 3209 1246 3275 haud
1277 3211 1324 3276 116

206 3318 306 3382 multo
322 3322 398 3382 6616
413 3324 530 3401 666166
545 3324 691 3402 mortem,
706 3337 790 3400 quae
806 3318 874 3384 lere
890 3318 1041 3383 166746
1059 3323 1126 3397 (14)
1144 3317 1267 3402 incidit,
1283 3337 1323 3383 ea

207 3422 338 3490 condita
362 3443 434 3490 esse
457 3423 519 3489 hac
535 3444 661 3507 quoque
678 3444 713 3490 re
730 3422 943 3490 confirmatur.
981 3444 1121 3506 namque
1137 3443 1266 3490 carmen
1282 3422 1323 3488 de

206 3529 300 3598 bellis
323 3531 365 3596 ab
380 3530 527 3614 Augusto
549 3531 652 3614 gestis
675 3531 803 3616 epicum
828 3529 895 3596 lere
919 3533 1027 3598 6732
1051 3535 1117 3610 (22)
1140 3528 1322 3596 incohatum

278 3763 305 3826 *)
318 3759 415 3830 Neque
428 3776 496 3815 vero
510 3758 688 3815 Heimreichii
710 3759 808 3829 opinio
820 3759 977 3829 probabilis
991 3765 1042 3828 est,
1062 3760 1111 3830 qui
1129 3759 1159 3814 in
1177 3759 1266 3828 symb.
1276 3757 1323 3827 ph.

206 3852 239 3904 Β.
255 3866 283 3918 p.
305 3853 356 3903 676
374 3854 492 3919 propter
511 3848 563 3904 (161
584 3847 711 3904 Caesaris
730 3849 758 3902 in
778 3849 918 3904 Orientem
937 3849 1146 3920 expeditionem
1164 3863 1209 3901 vv.
1229 3850 1260 3900 81
1282 3862 1323 3915 sq.

206 3938 284 4006 tangi
297 3937 385 3992 visam
404 3943 471 4008 post
490 3953 514 3992 6.
534 3938 585 3990 753
607 3939 646 4004 (1)
666 3936 719 3992 hcc
738 3953 848 3992 carmen
867 3937 1002 4006 scriptum
1021 3953 1082 3994 esse
1102 3935 1155 3990 sibi
1174 3935 1323 4006 persuasit.

207 4041 269 4080 nam
282 4043 344 4081 cum
357 4026 409 4080 Gai
423 4025 550 4081 Caesaris
563 4025 653 4094 ipsius
667 4025 771 4080 mentio
791 4027 868 4080 nulla
887 4025 982 4080 habita
1001 4025 1045 4094 sit,
1066 4025 1150 4080 talem
1169 4025 1278 4094 qualem
1295 4023 1323 4077 hi

206 4131 305 4170 versus
318 4114 468 4169 continent
481 4115 647 4169 sententiam
659 4113 743 4170 etiam
761 4118 843 4169 antea
855 4113 981 4182 proferre
994 4113 1080 4182 licuit,
1101 4114 1125 4168 si
1138 4113 1250 4182 quidem
1262 4111 1322 4166 Au-

205 4207 290 4272 gusto
303 4203 383 4258 liberi
396 4203 538 4260 vivebant.
577 4203 664 4258 Gaius
683 4208 776 4258 autem
795 4219 819 4257 a.
833 4207 885 4257 734
898 4207 955 4270 (26)
969 4207 1054 4258 66166
1074 4201 1177 4256 dicitur
1195 4217 1211 4255 a
1229 4200 1322 4254 Dione

207 4292 348 4360 161166.
