<?xml version="1.0" encoding="UTF-8"?>
<!DOCTYPE html PUBLIC "-//W3C//DTD XHTML 1.0 Transitional//EN"
    "http://www.w3.org/TR/xhtml1/DTD/xhtml1-transitional.dtd">
<html xmlns="http://www.w3.org/1999/xhtml" xml:lang="en" lang="en">
 <head>
  <title>
</title>
<meta http-equiv="Content-Type" content="text/html;charset=utf-8" />
  <meta name='ocr-system' content='tesseract 3.04.00' />
  <meta name='ocr-capabilities' content='ocr_page ocr_carea ocr_par ocr_line ocrx_word'/>
</head>
<body>
  <div class='ocr_page' id='page_1' title='image "./commentationesp00propgoog_0030.png"; bbox 0 0 3258 5168; ppageno 0'>
   <div class='ocr_carea' id='block_1_1' title="bbox 748 463 784 522">
    <p class='ocr_par' dir='ltr' id='par_1_1' title="bbox 748 463 784 522">
     <span class='ocr_line' id='line_1_1' title="bbox 748 463 784 522; baseline 0 0"><span class='ocrx_word' id='word_1_1' title='bbox 748 463 784 522; x_wconf 85' lang='grc'><strong>21</strong></span> 
     </span>
    </p>
   </div>
   <div class='ocr_carea' id='block_1_2' title="bbox 122 633 1324 4449">
    <p class='ocr_par' dir='ltr' id='par_1_2' title="bbox 210 633 1323 825">
     <span class='ocr_line' id='line_1_2' title="bbox 210 633 1323 725; baseline 0.005 -27"><span class='ocrx_word' id='word_1_2' title='bbox 210 655 321 698; x_wconf 93' lang='lat' dir='ltr'><strong>norum</strong></span> <span class='ocrx_word' id='word_1_3' title='bbox 346 633 601 718; x_wconf 86' lang='lat' dir='ltr'><strong>Sabinorumque</strong></span> <span class='ocrx_word' id='word_1_4' title='bbox 631 636 718 701; x_wconf 87' lang='lat' dir='ltr'><strong>acies</strong></span> <span class='ocrx_word' id='word_1_5' title='bbox 742 635 918 722; x_wconf 87' lang='lat' dir='ltr'><strong>diremptas</strong></span> <span class='ocrx_word' id='word_1_6' title='bbox 940 657 1012 704; x_wconf 91' lang='lat' dir='ltr'><strong>esse</strong></span> <span class='ocrx_word' id='word_1_7' title='bbox 1035 646 1107 722; x_wconf 91' lang='lat' dir='ltr'><strong>post</strong></span> <span class='ocrx_word' id='word_1_8' title='bbox 1130 638 1323 725; x_wconf 82' lang='lat' dir='ltr'>Capitolium</span> 
     </span>
     <span class='ocr_line' id='line_1_3' title="bbox 211 742 636 825; baseline 0.002 -20"><span class='ocrx_word' id='word_1_9' title='bbox 211 747 339 825; x_wconf 88' lang='lat' dir='ltr'><strong>captum</strong></span> <span class='ocrx_word' id='word_1_10' title='bbox 356 743 512 808; x_wconf 91' lang='lat' dir='ltr'><strong>memoria</strong></span> <span class='ocrx_word' id='word_1_11' title='bbox 527 742 636 808; x_wconf 88' lang='lat' dir='ltr'><strong>tenuit.</strong></span> 
     </span>
    </p>

    <p class='ocr_par' dir='ltr' id='par_1_3' title="bbox 208 842 1324 1360">
     <span class='ocr_line' id='line_1_4' title="bbox 296 842 1322 937; baseline 0.007 -26"><span class='ocrx_word' id='word_1_12' title='bbox 296 849 443 931; x_wconf 89' lang='lat' dir='ltr'><strong>Denique</strong></span> <span class='ocrx_word' id='word_1_13' title='bbox 459 842 513 914; x_wconf 89' lang='lat' dir='ltr'><strong>his</strong></span> <span class='ocrx_word' id='word_1_14' title='bbox 524 848 682 914; x_wconf 89' lang='lat' dir='ltr'><strong>addamus</strong></span> <span class='ocrx_word' id='word_1_15' title='bbox 699 850 897 934; x_wconf 78' lang='lat' dir='ltr'><strong>corruptelas</strong></span> <span class='ocrx_word' id='word_1_16' title='bbox 922 858 1010 916; x_wconf 91' lang='lat' dir='ltr'><strong>ortas</strong></span> <span class='ocrx_word' id='word_1_17' title='bbox 1035 871 1052 916; x_wconf 91' lang='lat' dir='ltr'><strong>e</strong></span> <span class='ocrx_word' id='word_1_18' title='bbox 1076 852 1234 937; x_wconf 87' lang='lat' dir='ltr'><strong>scriptura</strong></span> <span class='ocrx_word' id='word_1_19' title='bbox 1251 873 1322 918; x_wconf 90' lang='lat' dir='ltr'><strong>con-</strong></span> 
     </span>
     <span class='ocr_line' id='line_1_5' title="bbox 209 954 1324 1040; baseline 0.004 -21"><span class='ocrx_word' id='word_1_20' title='bbox 209 955 298 1019; x_wconf 86' lang='lat' dir='ltr'><strong>tinua</strong></span> <span class='ocrx_word' id='word_1_21' title='bbox 336 975 507 1040; x_wconf 83' lang='lat' dir='ltr'>perperam</span> <span class='ocrx_word' id='word_1_22' title='bbox 539 954 706 1037; x_wconf 79' lang='lat' dir='ltr'><strong>distincta3</strong></span> <span class='ocrx_word' id='word_1_23' title='bbox 743 955 832 1021; x_wconf 89' lang='lat' dir='ltr'><strong>cuius</strong></span> <span class='ocrx_word' id='word_1_24' title='bbox 863 957 1147 1023; x_wconf 90' lang='lat' dir='ltr'><strong>luculentissimum</strong></span> <span class='ocrx_word' id='word_1_25' title='bbox 1184 959 1324 1025; x_wconf 82' lang='lat' dir='ltr'><strong>ostendit</strong></span> 
     </span>
     <span class='ocr_line' id='line_1_6' title="bbox 210 1061 1323 1147; baseline 0.004 -21"><span class='ocrx_word' id='word_1_26' title='bbox 210 1063 391 1147; x_wconf 91' lang='lat' dir='ltr'><strong>exemplum</strong></span> <span class='ocrx_word' id='word_1_27' title='bbox 409 1062 447 1145; x_wconf 87' lang='lat' dir='ltr'><strong>V,</strong></span> <span class='ocrx_word' id='word_1_28' title='bbox 472 1068 499 1146; x_wconf 83' lang='lat'><strong>7,</strong></span> <span class='ocrx_word' id='word_1_29' title='bbox 517 1066 552 1126; x_wconf 87' lang='grc'><strong>61</strong></span> <span class='ocrx_word' id='word_1_30' title='bbox 575 1062 628 1126; x_wconf 92' lang='lat' dir='ltr'><strong>ubi</strong></span> <span class='ocrx_word' id='word_1_31' title='bbox 652 1063 691 1126; x_wconf 90' lang='lat' dir='ltr'><strong>N.</strong></span> <span class='ocrx_word' id='word_1_32' title='bbox 709 1061 745 1126; x_wconf 83' lang='lat' dir='ltr'><strong>G.</strong></span> <span class='ocrx_word' id='word_1_33' title='bbox 762 1084 821 1147; x_wconf 91' lang='lat' dir='ltr'><strong>pro</strong></span> <span class='ocrx_word' id='word_1_34' title='bbox 845 1063 931 1129; x_wconf 88' lang='lat' dir='ltr'><strong>veris</strong></span> <span class='ocrx_word' id='word_1_35' title='bbox 955 1086 1072 1146; x_wconf 81' lang='lat' dir='ltr'><strong>quoque</strong></span> <span class='ocrx_word' id='word_1_36' title='bbox 1096 1087 1170 1131; x_wconf 83' lang='lat' dir='ltr'><strong>nera</strong></span> <span class='ocrx_word' id='word_1_37' title='bbox 1194 1073 1323 1132; x_wconf 81' lang='lat' dir='ltr'><strong>rotundo</strong></span> 
     </span>
     <span class='ocr_line' id='line_1_7' title="bbox 208 1167 1322 1257; baseline 0.005 -25"><span class='ocrx_word' id='word_1_38' title='bbox 208 1167 337 1234; x_wconf 88' lang='lat' dir='ltr'><strong>tradunt</strong></span> <span class='ocrx_word' id='word_1_39' title='bbox 352 1190 469 1249; x_wconf 83' lang='lat' dir='ltr'><strong>qunque</strong></span> <span class='ocrx_word' id='word_1_40' title='bbox 490 1190 622 1248; x_wconf 83' lang='lat' dir='ltr'><strong>quaerar</strong></span> <span class='ocrx_word' id='word_1_41' title='bbox 636 1180 668 1232; x_wconf 86' lang='lat' dir='ltr'><strong>ut</strong></span> <span class='ocrx_word' id='word_1_42' title='bbox 682 1175 773 1233; x_wconf 85' lang='lat' dir='ltr'><strong>undo.</strong></span> <span class='ocrx_word' id='word_1_43' title='bbox 820 1174 852 1233; x_wconf 91' lang='lat' dir='ltr'><strong>et</strong></span> <span class='ocrx_word' id='word_1_44' title='bbox 868 1168 1016 1235; x_wconf 91' lang='lat' dir='ltr'><strong>similiter</strong></span> <span class='ocrx_word' id='word_1_45' title='bbox 1033 1170 1182 1237; x_wconf 88' lang='lat' dir='ltr'><strong>videntur</strong></span> <span class='ocrx_word' id='word_1_46' title='bbox 1206 1172 1322 1257; x_wconf 88' lang='lat' dir='ltr'><strong>depra-</strong></span> 
     </span>
     <span class='ocr_line' id='line_1_8' title="bbox 209 1274 1289 1360; baseline 0.004 -20"><span class='ocrx_word' id='word_1_47' title='bbox 209 1274 275 1340; x_wconf 89' lang='lat' dir='ltr'><strong>vati</strong></span> <span class='ocrx_word' id='word_1_48' title='bbox 291 1294 363 1340; x_wconf 91' lang='lat' dir='ltr'><strong>esse</strong></span> <span class='ocrx_word' id='word_1_49' title='bbox 379 1275 416 1360; x_wconf 81' lang='lat' dir='ltr'><strong>V,</strong></span> <span class='ocrx_word' id='word_1_50' title='bbox 442 1279 460 1340; x_wconf 83' lang='lat'><em>8</em></span> <span class='ocrx_word' id='word_1_51' title='bbox 478 1297 528 1340; x_wconf 89' lang='lat' dir='ltr'><strong>vv.</strong></span> <span class='ocrx_word' id='word_1_52' title='bbox 546 1278 586 1340; x_wconf 88' lang='lat'><strong>87</strong></span> <span class='ocrx_word' id='word_1_53' title='bbox 603 1295 650 1358; x_wconf 93' lang='lat' dir='ltr'><strong>sq.</strong></span> <span class='ocrx_word' id='word_1_54' title='bbox 697 1274 751 1340; x_wconf 93' lang='lat' dir='ltr'><strong>ubi</strong></span> <span class='ocrx_word' id='word_1_55' title='bbox 767 1275 800 1339; x_wconf 95' lang='lat' dir='ltr'><strong>in</strong></span> <span class='ocrx_word' id='word_1_56' title='bbox 818 1295 856 1340; x_wconf 88' lang='lat' dir='ltr'><strong>eo</strong></span> <span class='ocrx_word' id='word_1_57' title='bbox 873 1276 959 1357; x_wconf 91' lang='lat' dir='ltr'><strong>qnod</strong></span> <span class='ocrx_word' id='word_1_58' title='bbox 975 1276 1102 1344; x_wconf 90' lang='lat' dir='ltr'><strong>codices</strong></span> <span class='ocrx_word' id='word_1_59' title='bbox 1120 1278 1289 1344; x_wconf 85' lang='lat' dir='ltr'><strong>exhibent:</strong></span> 
     </span>
    </p>

    <p class='ocr_par' dir='ltr' id='par_1_4' title="bbox 122 1388 1323 2741">
     <span class='ocr_line' id='line_1_9' title="bbox 428 1388 1102 1462; baseline 0.003 -16"><span class='ocrx_word' id='word_1_60' title='bbox 428 1388 572 1460; x_wconf 76' lang='lat' dir='ltr'><strong>atquem</strong></span> <span class='ocrx_word' id='word_1_61' title='bbox 586 1392 696 1446; x_wconf 83' lang='lat' dir='ltr'><strong>mutato</strong></span> <span class='ocrx_word' id='word_1_62' title='bbox 713 1388 905 1461; x_wconf 66' lang='lat' dir='ltr'><strong>portionale</strong></span> <span class='ocrx_word' id='word_1_63' title='bbox 915 1390 1014 1462; x_wconf 83' lang='lat' dir='ltr'><strong>pullio</strong></span> <span class='ocrx_word' id='word_1_64' title='bbox 1030 1392 1102 1449; x_wconf 82' lang='lat' dir='ltr'><strong>lecto</strong></span> 
     </span>
     <span class='ocr_line' id='line_1_10' title="bbox 470 1495 1058 1569; baseline 0.007 -19"><span class='ocrx_word' id='word_1_65' title='bbox 470 1495 608 1569; x_wconf 77' lang='lat' dir='ltr'><strong>respondi</strong></span> <span class='ocrx_word' id='word_1_66' title='bbox 624 1499 652 1552; x_wconf 85' lang='lat' dir='ltr'><strong>et</strong></span> <span class='ocrx_word' id='word_1_67' title='bbox 666 1499 724 1553; x_wconf 82' lang='lat' dir='ltr'><strong>toto</strong></span> <span class='ocrx_word' id='word_1_68' title='bbox 739 1495 875 1553; x_wconf 78' lang='lat' dir='ltr'><strong>soloimtn</strong></span> <span class='ocrx_word' id='word_1_69' title='bbox 891 1511 977 1553; x_wconf 85' lang='lat' dir='ltr'><strong>ormo</strong></span> <span class='ocrx_word' id='word_1_70' title='bbox 993 1501 1058 1555; x_wconf 87' lang='lat' dir='ltr'><strong>toro</strong></span> 
     </span>
     <span class='ocr_line' id='line_1_11' title="bbox 137 1594 1323 1681; baseline 0.003 -23"><span class='ocrx_word' id='word_1_71' title='bbox 137 1643 141 1650; x_wconf 91' lang='lat'>.</span> <span class='ocrx_word' id='word_1_72' title='bbox 208 1594 326 1678; x_wconf 85' lang='lat' dir='ltr'><strong>duplex</strong></span> <span class='ocrx_word' id='word_1_73' title='bbox 347 1595 527 1681; x_wconf 87' lang='lat' dir='ltr'><strong>corruptela</strong></span> <span class='ocrx_word' id='word_1_74' title='bbox 550 1600 685 1659; x_wconf 88' lang='lat' dir='ltr'><strong>notatur.</strong></span> <span class='ocrx_word' id='word_1_75' title='bbox 731 1594 868 1679; x_wconf 92' lang='lat' dir='ltr'><strong>primum</strong></span> <span class='ocrx_word' id='word_1_76' title='bbox 894 1595 978 1660; x_wconf 91' lang='lat' dir='ltr'><strong>enim</strong></span> <span class='ocrx_word' id='word_1_77' title='bbox 1003 1607 1060 1666; x_wconf 82' lang='lat' dir='ltr'><strong>toto</strong></span> <span class='ocrx_word' id='word_1_78' title='bbox 1081 1609 1144 1662; x_wconf 86' lang='lat' dir='ltr'><strong>toro</strong></span> <span class='ocrx_word' id='word_1_79' title='bbox 1165 1597 1323 1662; x_wconf 87' lang='lat' dir='ltr'><strong>vocabula</strong></span> 
     </span>
     <span class='ocr_line' id='line_1_12' title="bbox 207 1700 1321 1786; baseline 0.004 -22"><span class='ocrx_word' id='word_1_80' title='bbox 207 1721 317 1765; x_wconf 89' lang='lat' dir='ltr'><strong>sanam</strong></span> <span class='ocrx_word' id='word_1_81' title='bbox 342 1702 532 1767; x_wconf 79' lang='lat' dir='ltr'><strong>sententiam</strong></span> <span class='ocrx_word' id='word_1_82' title='bbox 558 1700 612 1765; x_wconf 90' lang='lat' dir='ltr'><strong>vix</strong></span> <span class='ocrx_word' id='word_1_83' title='bbox 635 1700 755 1765; x_wconf 90' lang='lat' dir='ltr'><strong>habcrc</strong></span> <span class='ocrx_word' id='word_1_84' title='bbox 788 1721 864 1766; x_wconf 89' lang='lat' dir='ltr'><strong>vere</strong></span> <span class='ocrx_word' id='word_1_85' title='bbox 888 1708 995 1766; x_wconf 90' lang='lat' dir='ltr'><strong>monet</strong></span> <span class='ocrx_word' id='word_1_86' title='bbox 1019 1701 1168 1768; x_wconf 89' lang='lat' dir='ltr'><strong>Jacobus.</strong></span> <span class='ocrx_word' id='word_1_87' title='bbox 1215 1724 1321 1786; x_wconf 91' lang='lat' dir='ltr'><strong>neque</strong></span> 
     </span>
     <span class='ocr_line' id='line_1_13' title="bbox 122 1807 1321 1896; baseline 0.003 -25"><span class='ocrx_word' id='word_1_88' title='bbox 122 1885 127 1896; x_wconf 96' lang='lat'>.</span> <span class='ocrx_word' id='word_1_89' title='bbox 207 1814 314 1873; x_wconf 90' lang='lat' dir='ltr'><strong>tamen</strong></span> <span class='ocrx_word' id='word_1_90' title='bbox 330 1807 416 1872; x_wconf 92' lang='lat' dir='ltr'><strong>idcm</strong></span> <span class='ocrx_word' id='word_1_91' title='bbox 433 1808 540 1872; x_wconf 90' lang='lat' dir='ltr'><strong>Puccii</strong></span> <span class='ocrx_word' id='word_1_92' title='bbox 559 1809 773 1873; x_wconf 85' lang='lat' dir='ltr'><strong>coniecturam</strong></span> <span class='ocrx_word' id='word_1_93' title='bbox 790 1819 848 1872; x_wconf 83' lang='lat' dir='ltr'><strong>tuto</strong></span> <span class='ocrx_word' id='word_1_94' title='bbox 865 1821 929 1872; x_wconf 81' lang='lat' dir='ltr'><strong>toro</strong></span> <span class='ocrx_word' id='word_1_95' title='bbox 950 1808 1018 1874; x_wconf 90' lang='lat' dir='ltr'><strong>iure</strong></span> <span class='ocrx_word' id='word_1_96' title='bbox 1035 1830 1091 1874; x_wconf 91' lang='lat' dir='ltr'><strong>suo</strong></span> <span class='ocrx_word' id='word_1_97' title='bbox 1108 1810 1321 1895; x_wconf 80' lang='lat' dir='ltr'><strong>commendat,</strong></span> 
     </span>
     <span class='ocr_line' id='line_1_14' title="bbox 207 1913 1320 2000; baseline 0.004 -21"><span class='ocrx_word' id='word_1_98' title='bbox 207 1914 356 1996; x_wconf 89' lang='lat' dir='ltr'><strong>quoniam</strong></span> <span class='ocrx_word' id='word_1_99' title='bbox 381 1913 516 1980; x_wconf 87' lang='lat' dir='ltr'><strong>infestus</strong></span> <span class='ocrx_word' id='word_1_100' title='bbox 545 1914 643 1980; x_wconf 87' lang='lat' dir='ltr'><strong>fuisse</strong></span> <span class='ocrx_word' id='word_1_101' title='bbox 668 1913 836 2000; x_wconf 87' lang='lat' dir='ltr'><strong>Propertio</strong></span> <span class='ocrx_word' id='word_1_102' title='bbox 861 1921 993 2000; x_wconf 92' lang='lat' dir='ltr'><strong>propter</strong></span> <span class='ocrx_word' id='word_1_103' title='bbox 1021 1917 1208 1982; x_wconf 77' lang='lat' dir='ltr'><strong>meretrices</strong></span> <span class='ocrx_word' id='word_1_104' title='bbox 1233 1923 1320 1983; x_wconf 88' lang='lat' dir='ltr'><strong>torus</strong></span> 
     </span>
     <span class='ocr_line' id='line_1_15' title="bbox 206 2021 1318 2104; baseline 0.003 -21"><span class='ocrx_word' id='word_1_105' title='bbox 206 2041 361 2104; x_wconf 82' lang='lat' dir='ltr'><strong>nusquam</strong></span> <span class='ocrx_word' id='word_1_106' title='bbox 385 2021 516 2104; x_wconf 86' lang='lat' dir='ltr'><strong>dicitur;</strong></span> <span class='ocrx_word' id='word_1_107' title='bbox 539 2023 670 2104; x_wconf 82' lang='lat' dir='ltr'><strong>languet</strong></span> <span class='ocrx_word' id='word_1_108' title='bbox 686 2022 784 2104; x_wconf 84' lang='lat' dir='ltr'><strong>igitur</strong></span> <span class='ocrx_word' id='word_1_109' title='bbox 799 2021 879 2086; x_wconf 91' lang='lat' dir='ltr'><strong>illud</strong></span> <span class='ocrx_word' id='word_1_110' title='bbox 896 2033 954 2087; x_wconf 85' lang='lat' dir='ltr'><strong>tuto</strong></span> <span class='ocrx_word' id='word_1_111' title='bbox 970 2033 1043 2096; x_wconf 76' lang='lat' dir='ltr'><strong>toro.</strong></span> <span class='ocrx_word' id='word_1_112' title='bbox 1089 2029 1185 2104; x_wconf 86' lang='lat' dir='ltr'><strong>atque</strong></span> <span class='ocrx_word' id='word_1_113' title='bbox 1202 2022 1318 2088; x_wconf 89' lang='lat' dir='ltr'><strong>eadem</strong></span> 
     </span>
     <span class='ocr_line' id='line_1_16' title="bbox 207 2125 1320 2214; baseline 0.005 -26"><span class='ocrx_word' id='word_1_114' title='bbox 207 2125 246 2190; x_wconf 91' lang='lat' dir='ltr'><strong>dc</strong></span> <span class='ocrx_word' id='word_1_115' title='bbox 270 2148 367 2193; x_wconf 87' lang='lat' dir='ltr'><strong>causa</strong></span> <span class='ocrx_word' id='word_1_116' title='bbox 390 2127 540 2214; x_wconf 89' lang='lat' dir='ltr'><strong>displicet</strong></span> <span class='ocrx_word' id='word_1_117' title='bbox 556 2136 629 2212; x_wconf 91' lang='lat' dir='ltr'><strong>post</strong></span> <span class='ocrx_word' id='word_1_118' title='bbox 651 2150 680 2194; x_wconf 85' lang='lat' dir='ltr'><strong>v.</strong></span> <span class='ocrx_word' id='word_1_119' title='bbox 698 2132 737 2194; x_wconf 86' lang='lat'><strong>85</strong></span> <span class='ocrx_word' id='word_1_120' title='bbox 764 2127 850 2211; x_wconf 94' lang='lat' dir='ltr'><strong>quod</strong></span> <span class='ocrx_word' id='word_1_121' title='bbox 874 2129 985 2194; x_wconf 86' lang='lat' dir='ltr'><strong>Densa</strong></span> <span class='ocrx_word' id='word_1_122' title='bbox 1001 2135 1093 2213; x_wconf 91' lang='lat' dir='ltr'><strong>pater</strong></span> <span class='ocrx_word' id='word_1_123' title='bbox 1107 2129 1203 2194; x_wconf 92' lang='lat' dir='ltr'><strong>scribi</strong></span> <span class='ocrx_word' id='word_1_124' title='bbox 1221 2131 1320 2194; x_wconf 89' lang='lat' dir='ltr'><strong>voluit</strong></span> 
     </span>
     <span class='ocr_line' id='line_1_17' title="bbox 205 2228 1319 2320; baseline 0.004 -25"><span class='ocrx_word' id='word_1_125' title='bbox 205 2239 261 2297; x_wconf 85' lang='lat' dir='ltr'><strong>loto</strong></span> <span class='ocrx_word' id='word_1_126' title='bbox 277 2228 348 2298; x_wconf 78' lang='lat' dir='ltr'><strong>loro.</strong></span> <span class='ocrx_word' id='word_1_127' title='bbox 379 2233 446 2317; x_wconf 86' lang='lat' dir='ltr'><strong>sed,</strong></span> <span class='ocrx_word' id='word_1_128' title='bbox 462 2241 496 2298; x_wconf 91' lang='lat' dir='ltr'><strong>ut</strong></span> <span class='ocrx_word' id='word_1_129' title='bbox 513 2235 647 2298; x_wconf 90' lang='lat' dir='ltr'><strong>aliorum</strong></span> <span class='ocrx_word' id='word_1_130' title='bbox 664 2234 862 2299; x_wconf 89' lang='lat' dir='ltr'><strong>coniecturas</strong></span> <span class='ocrx_word' id='word_1_131' title='bbox 880 2235 1183 2320; x_wconf 82' lang='lat' dir='ltr'><strong>praetermittamus,</strong></span> <span class='ocrx_word' id='word_1_132' title='bbox 1207 2257 1319 2301; x_wconf 84' lang='lat' dir='ltr'><strong>verum</strong></span> 
     </span>
     <span class='ocr_line' id='line_1_18' title="bbox 205 2337 1272 2430; baseline 0.007 -30"><span class='ocrx_word' id='word_1_133' title='bbox 205 2337 327 2404; x_wconf 89' lang='lat' dir='ltr'><strong>invenit</strong></span> <span class='ocrx_word' id='word_1_134' title='bbox 342 2339 416 2404; x_wconf 88' lang='lat' dir='ltr'><strong>olim</strong></span> <span class='ocrx_word' id='word_1_135' title='bbox 433 2340 584 2406; x_wconf 88' lang='lat' dir='ltr'><strong>Heinsius</strong></span> <span class='ocrx_word' id='word_1_136' title='bbox 601 2339 769 2404; x_wconf 89' lang='lat' dir='ltr'><strong>scribendo</strong></span> <span class='ocrx_word' id='word_1_137' title='bbox 786 2352 853 2405; x_wconf 84' lang='lat' dir='ltr'><strong>uoto</strong></span> <span class='ocrx_word' id='word_1_138' title='bbox 870 2351 941 2404; x_wconf 86' lang='lat' dir='ltr'><strong>toro.</strong></span> <span class='ocrx_word' id='word_1_139' title='bbox 982 2360 1061 2430; x_wconf 77' lang='lat' dir='ltr'><strong>⁸nam</strong></span> <span class='ocrx_word' id='word_1_140' title='bbox 1080 2360 1150 2405; x_wconf 92' lang='lat' dir='ltr'><strong>cum</strong></span> <span class='ocrx_word' id='word_1_141' title='bbox 1168 2363 1196 2407; x_wconf 88' lang='lat' dir='ltr'><strong>v.</strong></span> <span class='ocrx_word' id='word_1_142' title='bbox 1215 2347 1272 2408; x_wconf 82' lang='lat'><strong>28:</strong></span> 
     </span>
     <span class='ocr_line' id='line_1_19' title="bbox 501 2454 1028 2512; baseline 0.004 -2"><span class='ocrx_word' id='word_1_143' title='bbox 501 2457 611 2511; x_wconf 77' lang='lat' dir='ltr'><strong>matulo</strong></span> <span class='ocrx_word' id='word_1_144' title='bbox 627 2454 705 2511; x_wconf 84' lang='lat' dir='ltr'><strong>uolui</strong></span> <span class='ocrx_word' id='word_1_145' title='bbox 719 2457 821 2511; x_wconf 82' lang='lat' dir='ltr'><strong>castro</strong></span> <span class='ocrx_word' id='word_1_146' title='bbox 835 2469 949 2512; x_wconf 81' lang='lat' dir='ltr'><strong>mouere</strong></span> <span class='ocrx_word' id='word_1_147' title='bbox 964 2457 1028 2512; x_wconf 87' lang='lat' dir='ltr'><strong>toro</strong></span> 
     </span>
     <span class='ocr_line' id='line_1_20' title="bbox 205 2555 357 2616; baseline -0.013 0"><span class='ocrx_word' id='word_1_148' title='bbox 205 2557 280 2616; x_wconf 81' lang='lat' dir='ltr'><strong>etv.</strong></span> <span class='ocrx_word' id='word_1_149' title='bbox 298 2555 357 2616; x_wconf 83' lang='lat'><strong>34:</strong></span> 
     </span>
     <span class='ocr_line' id='line_1_21' title="bbox 473 2667 1158 2741; baseline 0.001 -17"><span class='ocrx_word' id='word_1_150' title='bbox 473 2672 500 2724; x_wconf 85' lang='lat' dir='ltr'><strong>ct</strong></span> <span class='ocrx_word' id='word_1_151' title='bbox 521 2667 747 2741; x_wconf 63' lang='lat' dir='ltr'><strong>Volumnianum</strong></span> <span class='ocrx_word' id='word_1_152' title='bbox 759 2669 846 2740; x_wconf 83' lang='lat' dir='ltr'><strong>furto</strong></span> <span class='ocrx_word' id='word_1_153' title='bbox 861 2683 973 2726; x_wconf 87' lang='lat' dir='ltr'><strong>nouure</strong></span> <span class='ocrx_word' id='word_1_154' title='bbox 987 2683 1052 2725; x_wconf 84' lang='lat' dir='ltr'><strong>men</strong></span> <span class='ocrx_word' id='word_1_155' title='bbox 1156 2725 1158 2732; x_wconf 85' lang='grc'>,</span> 
     </span>
    </p>

    <p class='ocr_par' dir='ltr' id='par_1_5' title="bbox 197 2767 1318 4449">
     <span class='ocr_line' id='line_1_22' title="bbox 204 2767 1318 2852; baseline 0.005 -24"><span class='ocrx_word' id='word_1_156' title='bbox 204 2785 320 2830; x_wconf 86' lang='lat' dir='ltr'><strong>novam</strong></span> <span class='ocrx_word' id='word_1_157' title='bbox 337 2767 473 2832; x_wconf 89' lang='lat' dir='ltr'><strong>amicam</strong></span> <span class='ocrx_word' id='word_1_158' title='bbox 491 2787 526 2832; x_wconf 87' lang='lat' dir='ltr'><strong>so</strong></span> <span class='ocrx_word' id='word_1_159' title='bbox 550 2768 750 2851; x_wconf 84' lang='lat' dir='ltr'><strong>quaesivisse</strong></span> <span class='ocrx_word' id='word_1_160' title='bbox 766 2767 953 2852; x_wconf 88' lang='lat' dir='ltr'><strong>Propertius</strong></span> <span class='ocrx_word' id='word_1_161' title='bbox 970 2767 1096 2852; x_wconf 83' lang='lat' dir='ltr'><strong>dixerit,</strong></span> <span class='ocrx_word' id='word_1_162' title='bbox 1120 2769 1185 2833; x_wconf 90' lang='lat' dir='ltr'><strong>iam</strong></span> <span class='ocrx_word' id='word_1_163' title='bbox 1210 2776 1318 2836; x_wconf 87' lang='lat' dir='ltr'><strong>tamen</strong></span> 
     </span>
     <span class='ocr_line' id='line_1_23' title="bbox 203 2874 1317 2961; baseline 0.005 -25"><span class='ocrx_word' id='word_1_164' title='bbox 203 2892 273 2936; x_wconf 90' lang='lat' dir='ltr'><strong>curn</strong></span> <span class='ocrx_word' id='word_1_165' title='bbox 297 2880 408 2939; x_wconf 84' lang='lat' dir='ltr'><strong>vetere</strong></span> <span class='ocrx_word' id='word_1_166' title='bbox 430 2885 498 2939; x_wconf 82' lang='lat' dir='ltr'><strong>uoto</strong></span> <span class='ocrx_word' id='word_1_167' title='bbox 521 2884 585 2940; x_wconf 83' lang='lat' dir='ltr'><strong>toro</strong></span> <span class='ocrx_word' id='word_1_168' title='bbox 606 2895 721 2959; x_wconf 90' lang='lat' dir='ltr'><strong>pacem</strong></span> <span class='ocrx_word' id='word_1_169' title='bbox 745 2893 781 2939; x_wconf 90' lang='lat' dir='ltr'><strong>se</strong></span> <span class='ocrx_word' id='word_1_170' title='bbox 805 2874 921 2941; x_wconf 83' lang='lat' dir='ltr'><strong>iecisse</strong></span> <span class='ocrx_word' id='word_1_171' title='bbox 943 2875 1144 2961; x_wconf 90' lang='lat' dir='ltr'><strong>lepidissime</strong></span> <span class='ocrx_word' id='word_1_172' title='bbox 1167 2896 1226 2941; x_wconf 91' lang='lat' dir='ltr'><strong>nec</strong></span> <span class='ocrx_word' id='word_1_173' title='bbox 1249 2877 1317 2943; x_wconf 89' lang='lat' dir='ltr'><strong>sine</strong></span> 
     </span>
     <span class='ocr_line' id='line_1_24' title="bbox 203 2979 1316 3065; baseline 0.004 -21"><span class='ocrx_word' id='word_1_174' title='bbox 203 2999 261 3044; x_wconf 88' lang='lat' dir='ltr'><strong>sua</strong></span> <span class='ocrx_word' id='word_1_175' title='bbox 276 2980 378 3065; x_wconf 88' lang='lat' dir='ltr'><strong>ipsius</strong></span> <span class='ocrx_word' id='word_1_176' title='bbox 394 2979 535 3063; x_wconf 88' lang='lat' dir='ltr'><strong>quadam</strong></span> <span class='ocrx_word' id='word_1_177' title='bbox 558 2981 705 3047; x_wconf 86' lang='lat' dir='ltr'><strong>irrisione</strong></span> <span class='ocrx_word' id='word_1_178' title='bbox 722 2979 894 3046; x_wconf 87' lang='lat' dir='ltr'><strong>confitetur.</strong></span> <span class='ocrx_word' id='word_1_179' title='bbox 945 3002 1022 3065; x_wconf 83' lang='lat' dir='ltr'><strong>ergo</strong></span> <span class='ocrx_word' id='word_1_180' title='bbox 1039 2983 1149 3048; x_wconf 91' lang='lat' dir='ltr'><strong>horum</strong></span> <span class='ocrx_word' id='word_1_181' title='bbox 1167 3004 1316 3049; x_wconf 86' lang='lat' dir='ltr'><strong>versuum</strong></span> 
     </span>
     <span class='ocr_line' id='line_1_25' title="bbox 202 3086 1316 3171; baseline 0.006 -23"><span class='ocrx_word' id='word_1_182' title='bbox 202 3087 409 3171; x_wconf 90' lang='lat' dir='ltr'><strong>responsione</strong></span> <span class='ocrx_word' id='word_1_183' title='bbox 425 3086 511 3151; x_wconf 87' lang='lat' dir='ltr'><strong>hand</strong></span> <span class='ocrx_word' id='word_1_184' title='bbox 528 3087 624 3152; x_wconf 93' lang='lat' dir='ltr'><strong>dubie</strong></span> <span class='ocrx_word' id='word_1_185' title='bbox 640 3088 766 3154; x_wconf 89' lang='lat' dir='ltr'><strong>Heinsii</strong></span> <span class='ocrx_word' id='word_1_186' title='bbox 783 3088 964 3154; x_wconf 86' lang='lat' dir='ltr'><strong>emendatio</strong></span> <span class='ocrx_word' id='word_1_187' title='bbox 989 3090 1158 3155; x_wconf 88' lang='lat' dir='ltr'><strong>stabilitur.</strong></span> <span class='ocrx_word' id='word_1_188' title='bbox 1205 3112 1316 3156; x_wconf 89' lang='lat' dir='ltr'><strong>verum</strong></span> 
     </span>
     <span class='ocr_line' id='line_1_26' title="bbox 203 3193 1315 3280; baseline 0.004 -25"><span class='ocrx_word' id='word_1_189' title='bbox 203 3193 299 3256; x_wconf 87' lang='lat' dir='ltr'><strong>etiam</strong></span> <span class='ocrx_word' id='word_1_190' title='bbox 315 3201 455 3273; x_wconf 72' lang='lat' dir='ltr'><strong>respuant</strong></span> <span class='ocrx_word' id='word_1_191' title='bbox 476 3195 611 3260; x_wconf 88' lang='lat' dir='ltr'><strong>verbum</strong></span> <span class='ocrx_word' id='word_1_192' title='bbox 635 3196 766 3260; x_wconf 90' lang='lat' dir='ltr'><strong>tolerari</strong></span> <span class='ocrx_word' id='word_1_193' title='bbox 790 3215 854 3259; x_wconf 91' lang='lat' dir='ltr'><strong>non</strong></span> <span class='ocrx_word' id='word_1_194' title='bbox 876 3217 972 3280; x_wconf 88' lang='lat' dir='ltr'><strong>posse</strong></span> <span class='ocrx_word' id='word_1_195' title='bbox 996 3217 1106 3262; x_wconf 90' lang='lat' dir='ltr'><strong>omnes</strong></span> <span class='ocrx_word' id='word_1_196' title='bbox 1131 3197 1315 3262; x_wconf 87' lang='lat' dir='ltr'><strong>concedunt.</strong></span> 
     </span>
     <span class='ocr_line' id='line_1_27' title="bbox 202 3298 1315 3386; baseline 0.007 -25"><span class='ocrx_word' id='word_1_197' title='bbox 202 3317 275 3362; x_wconf 85' lang='lat' dir='ltr'><strong>nam</strong></span> <span class='ocrx_word' id='word_1_198' title='bbox 301 3298 341 3364; x_wconf 89' lang='lat' dir='ltr'><strong>de</strong></span> <span class='ocrx_word' id='word_1_199' title='bbox 362 3301 621 3384; x_wconf 88' lang='lat' dir='ltr'><strong>stipulationibus</strong></span> <span class='ocrx_word' id='word_1_200' title='bbox 643 3321 701 3386; x_wconf 83' lang='lat' dir='ltr'><strong>par</strong></span> <span class='ocrx_word' id='word_1_201' title='bbox 727 3303 931 3386; x_wconf 90' lang='lat' dir='ltr'><strong>sponsionem</strong></span> <span class='ocrx_word' id='word_1_202' title='bbox 955 3304 1106 3386; x_wconf 90' lang='lat' dir='ltr'><strong>acceptis,</strong></span> <span class='ocrx_word' id='word_1_203' title='bbox 1135 3303 1175 3367; x_wconf 91' lang='lat' dir='ltr'><strong>de</strong></span> <span class='ocrx_word' id='word_1_204' title='bbox 1201 3304 1315 3385; x_wconf 88' lang='lat' dir='ltr'><strong>quibus</strong></span> 
     </span>
     <span class='ocr_line' id='line_1_28' title="bbox 202 3405 1314 3493; baseline 0.006 -26"><span class='ocrx_word' id='word_1_205' title='bbox 202 3405 350 3488; x_wconf 86' lang='lat' dir='ltr'><strong>usurpari</strong></span> <span class='ocrx_word' id='word_1_206' title='bbox 359 3405 508 3471; x_wconf 90' lang='lat' dir='ltr'><strong>solethoc</strong></span> <span class='ocrx_word' id='word_1_207' title='bbox 517 3407 731 3490; x_wconf 82' lang='lat' dir='ltr'><strong>verbum‚iam</strong></span> <span class='ocrx_word' id='word_1_208' title='bbox 742 3407 907 3473; x_wconf 89' lang='lat' dir='ltr'><strong>v.81dixit</strong></span> <span class='ocrx_word' id='word_1_209' title='bbox 916 3416 1021 3493; x_wconf 91' lang='lat' dir='ltr'><strong>poeta.</strong></span> <span class='ocrx_word' id='word_1_210' title='bbox 1053 3409 1199 3474; x_wconf 88' lang='lat' dir='ltr'><strong>substitui</strong></span> <span class='ocrx_word' id='word_1_211' title='bbox 1208 3417 1314 3475; x_wconf 89' lang='lat' dir='ltr'><strong>autem</strong></span> 
     </span>
     <span class='ocr_line' id='line_1_29' title="bbox 201 3511 1314 3598; baseline 0.006 -24"><span class='ocrx_word' id='word_1_212' title='bbox 201 3529 295 3594; x_wconf 87' lang='lat' dir='ltr'><strong>posse</strong></span> <span class='ocrx_word' id='word_1_213' title='bbox 312 3531 382 3575; x_wconf 91' lang='lat' dir='ltr'><strong>curn</strong></span> <span class='ocrx_word' id='word_1_214' title='bbox 400 3511 516 3578; x_wconf 89' lang='lat' dir='ltr'><strong>Puccio</strong></span> <span class='ocrx_word' id='word_1_215' title='bbox 540 3519 683 3593; x_wconf 80' lang='lat' dir='ltr'><strong>despondi</strong></span> <span class='ocrx_word' id='word_1_216' title='bbox 705 3512 804 3579; x_wconf 86' lang='lat' dir='ltr'><strong>firmis</strong></span> <span class='ocrx_word' id='word_1_217' title='bbox 829 3515 1028 3597; x_wconf 87' lang='lat' dir='ltr'><strong>argumentis</strong></span> <span class='ocrx_word' id='word_1_218' title='bbox 1051 3517 1183 3598; x_wconf 82' lang='lat' dir='ltr'><strong>negavit</strong></span> <span class='ocrx_word' id='word_1_219' title='bbox 1205 3518 1314 3583; x_wconf 82' lang='lat' dir='ltr'><strong>Hertz-</strong></span> 
     </span>
     <span class='ocr_line' id='line_1_30' title="bbox 202 3616 1312 3703; baseline 0.009 -24"><span class='ocrx_word' id='word_1_220' title='bbox 202 3616 339 3698; x_wconf 83' lang='lat' dir='ltr'><strong>bergins.</strong></span> <span class='ocrx_word' id='word_1_221' title='bbox 384 3617 536 3701; x_wconf 90' lang='lat' dir='ltr'><strong>idemque</strong></span> <span class='ocrx_word' id='word_1_222' title='bbox 552 3619 638 3702; x_wconf 89' lang='lat' dir='ltr'><strong>quod</strong></span> <span class='ocrx_word' id='word_1_223' title='bbox 654 3619 805 3686; x_wconf 91' lang='lat' dir='ltr'><strong>Heinsius</strong></span> <span class='ocrx_word' id='word_1_224' title='bbox 822 3632 849 3685; x_wconf 84' lang='lat' dir='ltr'><strong>et</strong></span> <span class='ocrx_word' id='word_1_225' title='bbox 868 3629 985 3701; x_wconf 80' lang='lat' dir='ltr'><strong>sponda</strong></span> <span class='ocrx_word' id='word_1_226' title='bbox 1001 3627 1032 3687; x_wconf 91' lang='lat' dir='ltr'><strong>et</strong></span> <span class='ocrx_word' id='word_1_227' title='bbox 1048 3621 1133 3703; x_wconf 90' lang='lat' dir='ltr'><strong>qnod</strong></span> <span class='ocrx_word' id='word_1_228' title='bbox 1150 3623 1312 3688; x_wconf 89' lang='lat' dir='ltr'><strong>Marklan-</strong></span> 
     </span>
     <span class='ocr_line' id='line_1_31' title="bbox 201 3721 1314 3812; baseline 0.008 -26"><span class='ocrx_word' id='word_1_229' title='bbox 201 3721 259 3788; x_wconf 92' lang='lat' dir='ltr'><strong>dus</strong></span> <span class='ocrx_word' id='word_1_230' title='bbox 283 3735 311 3788; x_wconf 84' lang='lat' dir='ltr'><strong>et</strong></span> <span class='ocrx_word' id='word_1_231' title='bbox 329 3731 450 3803; x_wconf 80' lang='lat' dir='ltr'><strong>spondis</strong></span> <span class='ocrx_word' id='word_1_232' title='bbox 479 3725 682 3791; x_wconf 88' lang='lat' dir='ltr'><strong>scribendum</strong></span> <span class='ocrx_word' id='word_1_233' title='bbox 714 3727 882 3812; x_wconf 92' lang='lat' dir='ltr'><strong>proposuit</strong></span> <span class='ocrx_word' id='word_1_234' title='bbox 912 3728 980 3792; x_wconf 89' lang='lat' dir='ltr'><strong>iure</strong></span> <span class='ocrx_word' id='word_1_235' title='bbox 1004 3730 1136 3812; x_wconf 83' lang='lat' dir='ltr'><strong>respuit,</strong></span> <span class='ocrx_word' id='word_1_236' title='bbox 1165 3731 1314 3812; x_wconf 90' lang='lat' dir='ltr'><strong>quoniam</strong></span> 
     </span>
     <span class='ocr_line' id='line_1_32' title="bbox 200 3830 1314 3919; baseline 0.007 -25"><span class='ocrx_word' id='word_1_237' title='bbox 200 3830 475 3895; x_wconf 84' lang='lat' dir='ltr'><strong>sententiae&#39;non</strong></span> <span class='ocrx_word' id='word_1_238' title='bbox 506 3832 714 3897; x_wconf 84' lang='lat' dir='ltr'><strong>satisfaciunt.</strong></span> <span class='ocrx_word' id='word_1_239' title='bbox 767 3852 871 3915; x_wconf 88' lang='lat' dir='ltr'><strong>neque</strong></span> <span class='ocrx_word' id='word_1_240' title='bbox 908 3840 1015 3898; x_wconf 87' lang='lat' dir='ltr'><strong>tamon</strong></span> <span class='ocrx_word' id='word_1_241' title='bbox 1054 3835 1124 3919; x_wconf 88' lang='lat' dir='ltr'><strong>ipsc</strong></span> <span class='ocrx_word' id='word_1_242' title='bbox 1156 3835 1314 3902; x_wconf 78' lang='lat' dir='ltr'><strong>feliciores</strong></span> 
     </span>
     <span class='ocr_line' id='line_1_33' title="bbox 199 3936 1313 4022; baseline 0.007 -23"><span class='ocrx_word' id='word_1_243' title='bbox 199 3936 397 4002; x_wconf 88' lang='lat' dir='ltr'><strong>coniecturas</strong></span> <span class='ocrx_word' id='word_1_244' title='bbox 411 3938 543 4022; x_wconf 92' lang='lat' dir='ltr'><strong>protulit</strong></span> <span class='ocrx_word' id='word_1_245' title='bbox 555 3937 668 4004; x_wconf 89' lang='lat' dir='ltr'><strong>hasce:</strong></span> <span class='ocrx_word' id='word_1_246' title='bbox 691 3949 719 4002; x_wconf 87' lang='lat' dir='ltr'><strong>et</strong></span> <span class='ocrx_word' id='word_1_247' title='bbox 732 3946 865 4018; x_wconf 80' lang='lat' dir='ltr'><strong>spondae</strong></span> <span class='ocrx_word' id='word_1_248' title='bbox 879 3946 981 4004; x_wconf 83' lang='lat' dir='ltr'><strong>iniecto</strong></span> <span class='ocrx_word' id='word_1_249' title='bbox 996 3946 1132 4005; x_wconf 78' lang='lat' dir='ltr'><strong>soluimus</strong></span> <span class='ocrx_word' id='word_1_250' title='bbox 1148 3964 1234 4006; x_wconf 82' lang='lat' dir='ltr'><strong>urum</strong></span> <span class='ocrx_word' id='word_1_251' title='bbox 1250 3954 1313 4008; x_wconf 81' lang='lat' dir='ltr'><strong>toro</strong></span> 
     </span>
     <span class='ocr_line' id='line_1_34' title="bbox 199 4034 1313 4130; baseline 0.007 -23"><span class='ocrx_word' id='word_1_252' title='bbox 199 4042 250 4107; x_wconf 88' lang='lat' dir='ltr'><strong>vel</strong></span> <span class='ocrx_word' id='word_1_253' title='bbox 265 4034 398 4122; x_wconf 75' lang='lat' dir='ltr'><strong>spondae</strong></span> <span class='ocrx_word' id='word_1_254' title='bbox 412 4050 514 4109; x_wconf 81' lang='lat' dir='ltr'><strong>iterum</strong></span> <span class='ocrx_word' id='word_1_255' title='bbox 530 4051 633 4109; x_wconf 78' lang='lat' dir='ltr'><strong>intecto</strong></span> <span class='ocrx_word' id='word_1_256' title='bbox 649 4051 785 4109; x_wconf 79' lang='lat' dir='ltr'><strong>soluimus</strong></span> <span class='ocrx_word' id='word_1_257' title='bbox 800 4066 886 4109; x_wconf 86' lang='lat' dir='ltr'><strong>orma</strong></span> <span class='ocrx_word' id='word_1_258' title='bbox 902 4057 981 4122; x_wconf 86' lang='lat' dir='ltr'><strong>toro;</strong></span> <span class='ocrx_word' id='word_1_259' title='bbox 998 4065 1081 4130; x_wconf 87' lang='lat' dir='ltr'><strong>quae</strong></span> <span class='ocrx_word' id='word_1_260' title='bbox 1090 4047 1313 4115; x_wconf 89' lang='lat' dir='ltr'><strong>antecedentis</strong></span> 
     </span>
     <span class='ocr_line' id='line_1_35' title="bbox 198 4150 1312 4238; baseline 0.006 -26"><span class='ocrx_word' id='word_1_261' title='bbox 198 4167 311 4216; x_wconf 89' lang='lat' dir='ltr'><strong>versus</strong></span> <span class='ocrx_word' id='word_1_262' title='bbox 327 4150 518 4215; x_wconf 88' lang='lat' dir='ltr'><strong>sententiam</strong></span> <span class='ocrx_word' id='word_1_263' title='bbox 535 4152 687 4235; x_wconf 84' lang='lat' dir='ltr'><strong>languide</strong></span> <span class='ocrx_word' id='word_1_264' title='bbox 704 4153 756 4217; x_wconf 89' lang='lat' dir='ltr'><strong>vel</strong></span> <span class='ocrx_word' id='word_1_265' title='bbox 772 4159 920 4236; x_wconf 89' lang='lat' dir='ltr'><strong>repetunt</strong></span> <span class='ocrx_word' id='word_1_266' title='bbox 937 4154 989 4218; x_wconf 89' lang='lat' dir='ltr'><strong>rel</strong></span> <span class='ocrx_word' id='word_1_267' title='bbox 999 4154 1168 4238; x_wconf 88' lang='lat' dir='ltr'><strong>explicant.</strong></span> <span class='ocrx_word' id='word_1_268' title='bbox 1208 4156 1312 4220; x_wconf 89' lang='lat' dir='ltr'><strong>minus</strong></span> 
     </span>
     <span class='ocr_line' id='line_1_36' title="bbox 198 4255 1311 4342; baseline 0.005 -23"><span class='ocrx_word' id='word_1_269' title='bbox 198 4255 295 4320; x_wconf 90' lang='lat' dir='ltr'><strong>etiam</strong></span> <span class='ocrx_word' id='word_1_270' title='bbox 311 4257 442 4341; x_wconf 90' lang='lat' dir='ltr'><strong>probari</strong></span> <span class='ocrx_word' id='word_1_271' title='bbox 459 4263 565 4342; x_wconf 90' lang='lat' dir='ltr'><strong>potest</strong></span> <span class='ocrx_word' id='word_1_272' title='bbox 588 4257 673 4341; x_wconf 91' lang='lat' dir='ltr'><strong>quod</strong></span> <span class='ocrx_word' id='word_1_273' title='bbox 689 4258 907 4324; x_wconf 91' lang='lat' dir='ltr'><strong>Kindscherus</strong></span> <span class='ocrx_word' id='word_1_274' title='bbox 928 4259 961 4324; x_wconf 92' lang='lat' dir='ltr'><strong>in</strong></span> <span class='ocrx_word' id='word_1_275' title='bbox 981 4259 1061 4325; x_wconf 88' lang='lat' dir='ltr'><strong>Mus.</strong></span> <span class='ocrx_word' id='word_1_276' title='bbox 1077 4259 1165 4326; x_wconf 92' lang='lat' dir='ltr'><strong>rhen.</strong></span> <span class='ocrx_word' id='word_1_277' title='bbox 1182 4263 1242 4326; x_wconf 87' lang='lat' dir='ltr'><strong>vol.</strong></span> <span class='ocrx_word' id='word_1_278' title='bbox 1263 4266 1311 4325; x_wconf 85' lang='lat'><strong>17.</strong></span> 
     </span>
     <span class='ocr_line' id='line_1_37' title="bbox 197 4363 1312 4449; baseline 0.007 -25"><span class='ocrx_word' id='word_1_279' title='bbox 197 4383 227 4448; x_wconf 90' lang='lat' dir='ltr'><strong>p.</strong></span> <span class='ocrx_word' id='word_1_280' title='bbox 244 4364 319 4446; x_wconf 83' lang='grc'>229,</span> <span class='ocrx_word' id='word_1_281' title='bbox 334 4363 510 4448; x_wconf 88' lang='lat' dir='ltr'><strong>respiciens</strong></span> <span class='ocrx_word' id='word_1_282' title='bbox 526 4365 581 4429; x_wconf 89' lang='lat' dir='ltr'><strong>ille</strong></span> <span class='ocrx_word' id='word_1_283' title='bbox 598 4363 728 4447; x_wconf 91' lang='lat' dir='ltr'><strong>quidem</strong></span> <span class='ocrx_word' id='word_1_284' title='bbox 753 4365 796 4429; x_wconf 93' lang='lat' dir='ltr'><strong>ad</strong></span> <span class='ocrx_word' id='word_1_285' title='bbox 812 4388 863 4431; x_wconf 86' lang='lat' dir='ltr'><strong>vr.</strong></span> <span class='ocrx_word' id='word_1_286' title='bbox 883 4370 922 4430; x_wconf 88' lang='grc'><strong>27</strong></span> <span class='ocrx_word' id='word_1_287' title='bbox 940 4386 995 4449; x_wconf 86' lang='lat' dir='ltr'><strong>sq,</strong></span> <span class='ocrx_word' id='word_1_288' title='bbox 1018 4366 1115 4432; x_wconf 90' lang='lat' dir='ltr'><strong>scribi</strong></span> <span class='ocrx_word' id='word_1_289' title='bbox 1138 4366 1232 4433; x_wconf 87' lang='lat' dir='ltr'><strong>iussit</strong></span> <span class='ocrx_word' id='word_1_290' title='bbox 1246 4389 1312 4432; x_wconf 82' lang='lat' dir='ltr'><strong>sos·</strong></span> 
     </span>
    </p>
   </div>
   <div class='ocr_carea' id='block_1_3' title="bbox 0 0 1634 5168">
    <p class='ocr_par' dir='ltr' id='par_1_6' title="bbox 0 0 1634 5168">
     <span class='ocr_line' id='line_1_38' title="bbox 0 0 1634 5168; baseline 0 5"><span class='ocrx_word' id='word_1_291' title='bbox 0 0 1634 5168; x_wconf 95' lang='lat' dir='ltr'><strong> </strong></span> 
     </span>
    </p>
   </div>
  </div>
 </body>
</html>
