3226 5162
842 461 904 544 'os

331 654 557 740 prooemiatur.
608 655 765 739 Bipartito
785 655 883 738 igitur
906 676 1004 740 opere
1020 657 1137 740 partim
1161 657 1309 738 regiones
1333 662 1365 721 et
1388 677 1442 722 ae-

330 760 444 846 dificia,
473 762 589 852 partim
621 761 826 843 antiquitates
858 781 967 826 sacras
997 761 1164 827 describet.
1217 783 1278 844 quo
1310 763 1442 828 oonsilio

329 869 442 933 ductus
458 869 563 951 ipsum
580 876 805 950 argumentum
823 867 905 949 quod
916 891 966 934 vv.
977 873 1017 934 37
1028 889 1087 951 sq.;
1111 875 1151 933 55
1161 907 1202 916 -
1213 874 1272 952 64;
1295 875 1335 934 67
1350 907 1385 917 -
1400 875 1442 934 70

329 973 461 1039 laudata
485 974 625 1040 breviter
648 975 736 1038 urbis
760 974 881 1038 Romae
905 975 1125 1058 magnitudine
1149 976 1337 1059 proponitur
1359 975 1409 1039 bii
1431 1015 1442 1023 -

328 1082 409 1145 riam
430 1081 476 1144 ita
506 1087 689 1165 praeparat,
720 1086 754 1143 ut
777 1103 828 1146 vv.
855 1087 978 1170 1-161
997 1088 1151 1164 quantum
1174 1081 1296 1146 Romae
1320 1083 1443 1166 templa

329 1185 458 1269 aliaque
482 1186 630 1252 aedificia
652 1193 775 1252 mutata
799 1194 895 1270 atque
918 1195 1013 1253 aucta
1037 1189 1107 1272 sint,
1136 1209 1187 1254 vv.
1214 1193 1352 1254 17—32
1377 1209 1443 1271 qua

328 1294 452 1358 ratione
468 1294 543 1359 novi
567 1299 599 1358 et
621 1293 773 1358 lautiores
790 1294 922 1359 deorum
946 1295 1048 1361 cultus
1071 1295 1159 1380 apud
1174 1295 1336 1360 Romanos
1351 1295 1442 1360 dein-

329 1421 406 1485 ceps
422 1401 455 1464 in
474 1422 566 1466 usum
584 1401 730 1466 venerint
745 1401 886 1466 maxime
909 1408 1081 1466 enarretur.
1127 1402 1236 1483 itaque
1259 1407 1324 1466 tres
1348 1421 1442 1466 seno·

328 1529 398 1571 rum
419 1507 572 1572 denorum
589 1528 741 1574 versuum
754 1515 864 1594 partes
880 1507 1044 1574 habemus.
1076 1527 1211 1590 quarum
1228 1528 1443 1591 unaquaeque

328 1620 441 1696 quater
461 1620 633 1696 quaternos
649 1635 762 1682 versus
786 1613 1034 1700 comprehendit.
1079 1635 1217 1697 namque
1235 1613 1442 1680 distichorum

294 1781 297 1786 .
328 1722 421 1805 paria
444 1728 499 1786 aut
521 1722 686 1805 particulis
703 1722 822 1788 additis
839 1730 893 1787 aut
908 1721 1051 1805 ipsarum
1068 1721 1298 1786 sententiarum
1312 1721 1442 1788 vinculo

328 1829 448 1892 conecti
465 1828 757 1914 iacileperspicies.
790 1829 902 1911 quade
911 1848 1009 1894 causa
1024 1827 1118 1894 huius
1136 1828 1285 1895 carminis
1302 1829 1442 1913 simplex

328 1941 377 2001 est
393 1934 473 1999 haec
489 1934 607 2000 torma:

659 2093 1107 2181 4><4Ι4><4Ι4><4.

415 2253 496 2318 Hine
519 2254 626 2320 missis
650 2254 781 2320 lacerati
798 2275 894 2319 earm.
911 2255 948 2339 V,
975 2255 1012 2319 lb
1029 2254 1139 2321 frustis
1162 2253 1441 2336 transgrediamur

327 2359 367 2424 ad
391 2381 508 2425 carm.
532 2361 569 2445 V,
595 2365 630 2444 23
668 2361 709 2426 de
733 2361 822 2426 cuius
846 2360 1055 2446 dispositione
1079 2361 1125 2424 ita
1149 2360 1303 2426 disseruit
1325 2360 1440 2454 Hertz—

326 2467 457 2551 bergius
481 2469 496 2530 l
517 2489 547 2552 p.
572 2471 623 2551 82,
646 2474 680 2532 ut
702 2488 808 2532 rerum
832 2467 990 2532 rationem
1014 2467 1154 2532 sensisse
1178 2466 1309 2549 quidem
1331 2487 1439 2549 neque

326 2580 434 2639 tamen
459 2575 538 2640 satis
567 2573 739 2656 diligenter
766 2573 955 2658 exposuisse
979 2571 1157 2638 censendus
1174 2573 1223 2638 sit.
1268 2571 1327 2637 hoe
1351 2574 1438 2638 enim

326 2681 477 2765 carmine,
500 2681 588 2746 cuius
609 2702 660 2745 vv.
678 2687 715 2744 41
729 2685 821 2744 -46
838 2686 909 2764 post
925 2701 954 2745 v.
974 2683 1013 2744 12
1029 2679 1229 2762 inseruimus,
1246 2678 1279 2742 id
1295 2679 1439 2744 maxime

326 2787 395 2868 agit
413 2793 518 2872 poeta,
542 2794 585 2871 ut,
609 2786 774 2872 praetatus
799 2785 839 2851 de
860 2785 943 2852 falsa
963 2785 1130 2850 Vertumni
1152 2785 1288 2852 nominis
1312 2785 1439 2868 origine

325 2915 377 2960 vv.
401 2899 449 2976 11,
476 2898 532 2976 123
569 2897 730 2975 41-46;
769 2897 1058 2976 13-20,·veram
1090 2893 1158 2957 eius
1190 2891 1438 2977 explicationem

325 2999 432 3064 tradat
455 3023 506 3065 vv.
530 3005 691 3082 21—403
719 3005 770 3083 47,
794 3003 845 3064 48.
891 2998 941 3064 his
963 2999 1062 3081 igitur
1085 2998 1231 3064 versibus
1256 3018 1326 3062 eum
1352 2996 1438 3060 duae

326 3105 499 3190 primariae
515 3105 664 3170 carminis
681 3111 790 3190 partes
807 3105 1036 3189 contineantur,
1051 3104 1150 3190 priori
1166 3103 1438 3188 praecedunttvv.

325 3216 397 3277 3—
411 3218 470 3292 10.)
491 3212 699 3295 posteriorem
729 3217 879 3276 secuntur
908 3216 974 3289 (vv.
999 3217 1089 3276 49-
1102 3209 1167 3297 56ι)
1192 3211 1294 3276 octoni
1315 3230 1438 3275 versus.

326 3317 380 3399 qui
397 3338 467 3383 cum
488 3318 616 3401 utrique
632 3319 841 3384 Vertumnum
864 3338 884 3381 a
901 3317 1014 3382 Tuscis
1030 3317 1165 3381 Romam
1188 3316 1438 3399 transmigrasse

324 3423 433 3506 ibique
450 3430 485 3488 ut
500 3445 629 3509 semper
637 3424 748 3490 sedem
765 3430 873 3490 teneat
881 3430 993 3508 optare
1002 3423 1180 3507 ostendant,
1196 3422 1365 3487 manifesto
1374 3421 1438 3488 sibi

324 3530 528 3616 respondent.
575 3531 713 3614 denique
737 3536 858 3596 restant
877 3531 910 3594 in
934 3530 1023 3594 initio
1040 3551 1091 3595 vv.
1111 3536 1124 3594 l
1145 3551 1190 3612 sq.
1214 3529 1329 3612 quibus
1346 3528 1437 3593 audi-

324 3636 402 3702 toris
426 3638 566 3702 animum
583 3636 719 3703 attendit
743 3637 831 3719 deus,
855 3637 888 3700 in
910 3636 972 3701 fine
996 3659 1047 3702 vv.
1071 3642 1112 3702 57
1137 3657 1183 3719 sq.
1207 3655 1377 3722 perorasse
1401 3655 1437 3700 se

324 3763 428 3825 neque
453 3743 570 3810 diutius
591 3744 681 3808 illum
702 3750 860 3808 moratum
880 3742 920 3806 iri
944 3741 1029 3807 dioit.
1074 3742 1126 3807 hio
1149 3748 1257 3806 autem
1281 3739 1438 3806 accedunt

324 3873 374 3916 vv.
391 3856 432 3917 59
444 3855 535 3916 -62
553 3851 743 3915 Mamurium
767 3846 921 3914 artificem
945 3847 1122 3914 laudantes.
1162 3848 1289 3913 ethaeo
1305 3846 1436 3929 quidem

324 3956 477 4024 hactenus
494 3958 534 4024 de
550 3956 712 4043 primariis
734 3955 859 4038 elegiae
876 3954 1030 4037 partibus.
1076 3953 1118 4018 ad
1134 3954 1262 4038 singula
1277 3961 1312 4018 ut
1328 3953 1437 4020 venia-

324 4083 403 4147 mus,
419 4085 470 4130 rv.
488 4069 558 4128 3-
570 4071 609 4128 10
627 4070 659 4128 et
674 4083 725 4128 vv.
741 4067 782 4126 49
794 4099 834 4108 -
845 4067 886 4126 56
910 4061 1036 4143 utrique
1058 4061 1106 4126 bis
1128 4068 1299 4143 quaternos
1322 4080 1436 4126 versus

325 4168 465 4234 efficiunt
481 4170 532 4234 vel
555 4168 721 4254 particulis
739 4167 805 4247 (eir.
822 4188 850 4232 v.
868 4173 886 4232 9
906 4175 937 4232 et
955 4174 1009 4246 55)
1026 4168 1079 4233 vel
1103 4168 1263 4232 sententia
1278 4167 1351 4249 ipsa
1368 4165 1436 4245 (cir.

324 4298 352 4341 v.
370 4281 425 4356 51)
442 4275 638 4357 coniugatos.
683 4294 787 4356 neque
812 4274 905 4338 aliter
929 4274 1108 4358 composita
1131 4280 1180 4339 est
1201 4273 1241 4337 de
1258 4271 1341 4338 falsa
1356 4272 1436 4336 Ver-

323 4382 424 4446 tumni
439 4382 576 4447 nominis
593 4381 678 4446 fama
704 4381 873 4446 enarratio.
919 4400 1059 4463 namque
1083 4379 1183 4445 falsus
1207 4379 1248 4444 de
1271 4378 1325 4443 illo
1349 4376 1436 4462 apud
