3226 5162
859 401 900 464 60

333 571 365 624 B.
390 586 413 624 a.
427 569 539 624 Tuscus
552 585 613 638 ego,
626 575 656 624 et
666 570 765 626 Tuscis
779 572 862 642 orior,
878 589 929 628 nce
941 572 1066 643 paenitet
1078 572 1151 628 inter

462 657 573 726 proelia
585 658 730 714 Volsinios
744 660 900 716 deseruisse
912 661 1000 715 focos.

428 747 498 802 haec
511 761 554 800 me
567 746 650 801 turba
662 747 747 815 iuvat,
761 764 812 802 nec
825 751 930 818 templo
944 750 1034 804 laetor
1046 750 1168 804 eburno:

462 837 621 890 Romanum
633 837 701 890 satis
714 843 757 891 est
769 853 853 906 posse
867 838 963 893 videre
975 837 1074 892 forum.

390 959 417 1013 b.
431 960 492 1014 Hac
506 959 645 1026 quondam
658 960 807 1014 Tiberinus
820 961 874 1015 iter
885 961 1013 1029 faciebat,
1027 965 1056 1015 et
1069 960 1148 1015 aiunt

461 1063 601 1101 remorum
614 1049 725 1102 auditos
738 1051 873 1118 pervade
886 1051 968 1117 pulsa
981 1064 1081 1102 sonos:

426 1142 456 1190 at
468 1139 619 1204 postquam
632 1137 679 1192 iile
693 1138 751 1191 suis
764 1142 872 1192 tantum
885 1138 1024 1192 concessit
1037 1138 1163 1206 alumnis,

461 1223 634 1286 Vertumnus
647 1241 729 1282 verso
743 1226 821 1284 dicor
834 1227 868 1283 ab
883 1242 961 1283 amne
977 1227 1054 1282 deus.

335 1426 363 1480 O.
389 1443 413 1480 a.
427 1427 491 1494 Seu,
512 1426 578 1495 quia
590 1427 725 1481 vertentis
738 1426 857 1480 fructum
869 1425 1062 1495 praecepimus
1077 1423 1150 1491 anni,

462 1515 610 1570 Vertumni
623 1515 723 1583 vulgus
736 1515 856 1569 credidit
868 1529 930 1570 esse
943 1529 1059 1568 sacrum.

390 1639 417 1693 b.
431 1639 503 1694 Nam
520 1639 588 1708 quid
606 1655 659 1708 ego
679 1639 804 1706 adiciam,
824 1638 858 1691 de
877 1654 932 1707 quo
951 1636 1018 1691 mihi
1037 1635 1155 1690 maxima
1171 1633 1280 1701 famast,

461 1727 606 1782 hortorum
619 1727 648 1781 in
660 1727 787 1781 manibus
800 1727 874 1780 dona
887 1728 978 1780 locata
990 1724 1078 1780 meis?

427 1817 571 1870 caeruleus
584 1816 706 1870 cucumis
719 1815 881 1883 tumidoque
894 1814 1038 1868 cucurbita
1050 1816 1147 1867 ventre

461 1919 504 1959 me
518 1907 598 1957 notat
610 1908 640 1958 et
651 1904 733 1956 iunco
747 1903 871 1957 brassica
884 1903 977 1957 vincta
990 1902 1055 1956 levi

392 2045 414 2081 c.
435 2028 493 2082 Nee
506 2027 559 2080 flos
573 2027 646 2080 ullus
660 2025 718 2079 hiat
730 2026 828 2094 pratis,
842 2025 969 2094 quinino
983 2025 1112 2078 decenter

465 2115 614 2183 impositus
626 2114 713 2168 fronti
726 2115 858 2182 langueat
870 2120 934 2168 ante
947 2128 1040 2180 meae3

427 2203 517 2272 prima
529 2203 595 2258 mihi
608 2202 700 2257 variat
712 2203 864 2256 liventibus
877 2218 931 2256 uva
944 2201 1060 2256 racemis

463 2296 493 2346 et
505 2306 583 2344 coma
596 2291 710 2345 lactenti
724 2291 819 2359 spicea
830 2289 910 2357 fruge
923 2295 1019 2343 tumet.

396 2415 422 2468 d.
437 2414 489 2468 Hic
503 2414 597 2468 dulces
610 2430 729 2480 cerasos,
743 2412 788 2467 hic
801 2413 970 2466 autumnalia
982 2427 1072 2481 pruna

468 2502 558 2556 cernis
571 2508 599 2556 et
612 2501 720 2556 aestivo
733 2516 811 2554 mora
824 2501 923 2554 rubere
937 2500 998 2567 die3

429 2589 530 2643 insitor
542 2589 587 2643 hic
599 2589 685 2644 solvit
696 2605 814 2658 pomosa
832 2595 899 2643 vota
912 2603 1023 2653 corona,

465 2693 526 2730 cum
538 2677 617 2747 pirus
629 2677 719 2731 invito
733 2677 829 2744 stipite
842 2678 914 2732 mala
927 2677 999 2731 tulit.

379 2792 415 2854 ai
427 2801 546 2855 Mendax
564 2801 644 2870 fama,
663 2801 775 2869 hospes,
795 2801 865 2854 male
884 2796 916 2854 fit
934 2799 1001 2853 mihi
1020 2799 1140 2853 nominis
1159 2799 1260 2853 index:

464 2889 499 2942 de
513 2903 542 2942 se
556 2890 678 2943 narranti
690 2897 721 2943 tu
734 2889 817 2942 modo
831 2889 912 2943 erede
927 2888 988 2942 dec.

336 3082 377 3136 Gi.
392 3098 415 3136 a.
430 3082 595 3152 Opportuna
608 3099 668 3138 mea
681 3089 724 3138 est
737 3083 843 3137 eunctis
857 3087 956 3136 natura
968 3077 1081 3150 figuris:

464 3173 492 3226 in
506 3189 697 3243 quameunque
710 3173 790 3226 voles
803 3179 889 3238 verte,
905 3172 1023 3225 decorus
1036 3186 1092 3226 ero.

393 3298 419 3351 b.
433 3299 520 3352 Indue
534 3312 576 3350 me
591 3295 664 3363 Cois,
678 3291 741 3348 fiam
754 3311 812 3348 non
825 3296 895 3349 dura
908 3294 1018 3363 puella:

465 3400 562 3452 meque
576 3384 666 3437 virum
679 3389 790 3453 sumpta
803 3383 866 3451 quis
879 3388 963 3451 neget
976 3397 1037 3436 osse
1052 3383 1139 3450 toga?

428 3475 464 3527 da
476 3472 573 3527 falcem
586 3478 615 3526 at
627 3477 701 3525 torto
714 3471 834 3526 frontem
847 3471 913 3524 mihi
925 3471 1074 3539 comprime
1087 3470 1184 3524 faeno:

464 3561 571 3616 iurabis
584 3566 681 3615 nostra
692 3560 818 3628 gramina
832 3565 908 3614 secta
920 3575 1010 3613 manu.
1025 3589 1058 3596 -

429 3664 504 3703 arma
517 3649 569 3703 tuli
582 3649 722 3718 quondam
735 3652 771 3716 et,
785 3639 904 3716 memini,
918 3648 1053 3702 laudabar
1066 3647 1178 3702 inillis:

464 3737 557 3791 corbis
569 3738 598 3791 in
611 3737 743 3806 imposito
757 3736 882 3805 pondere
895 3751 1002 3790 messor
1015 3751 1098 3789 eram.

394 3878 416 3915 c.
436 3861 553 3916 Sobrius
566 3863 602 3916 ad
615 3861 694 3915 lites:
710 3867 739 3914 at
752 3875 813 3914 cum
826 3864 869 3914 est
881 3859 1002 3928 imposta
1015 3874 1127 3926 corona,

464 3950 595 4028 clamabis
608 3947 694 4018 capiti
707 3950 773 4003 vina
786 3949 901 4003 subesse
914 3963 984 4002 mec.
1000 3976 1033 3984 -

319 4039 324 4048 “
428 4038 507 4106 cinge
521 4044 606 4108 caput
618 4037 707 4104 mitra,
722 4037 843 4106 speeiem
855 4036 970 4092 furabor
982 4035 1090 4090 Iacchi:

464 4125 579 4180 furabor
591 4125 706 4192 Phoebi,
721 4125 745 4178 si
759 4125 841 4178 modo
855 4125 961 4193 plectra
973 4124 1071 4193 dabis3

428 4213 555 4269 cassibus
567 4213 707 4283 impositis
718 4229 822 4268 venor:
838 4214 888 4268 sed
900 4214 1035 4269 arundine
1049 4219 1161 4282 sumpta

463 4303 576 4358 Faunus
587 4301 716 4371 plumoso
729 4317 790 4356 snm
804 4301 873 4357 deus
886 4302 1014 4372 aucupio.
