3226 5162
716 453 755 516 73

182 635 221 694 51
234 669 271 676 —
286 634 326 694 56
349 627 556 694 hauddubie
580 628 742 694 senarium
766 647 932 692 numerum
956 633 1113 712 repetant,
1137 628 1170 691 in
1193 627 1297 692 altera

181 755 307 818 quoque
330 741 422 820 parto
447 735 616 818 quinquies
633 753 727 800 senos
751 753 863 800 versus
887 734 1076 799 invenimus.
1123 754 1296 816 quaecum

181 843 228 908 ita
243 863 315 908 sese
331 840 479 924 habeant,
495 847 595 906 totum
613 860 742 906 carmen
758 840 804 905 ita
821 839 1051 906 conformatum
1069 846 1131 906 cst:

626 1179 873 1202 z-—n-—d

270 1325 339 1388 Iam
362 1321 517 1388 adeamus
534 1342 651 1388 carm.
668 1322 706 1406 V,
723 1328 752 1405 5,
774 1321 864 1385 cuius
881 1340 993 1386 versus
1010 1321 1148 1388 exclusis
1165 1343 1216 1388 vv.
1233 1327 1298 1388 9-

186 1435 224 1494 12
248 1430 295 1495 ita
315 1429 549 1494 ordinavimus:
583 1432 694 1493 1-8:
734 1431 892 1510 13-283
930 1432 1093 1510 57-603
1129 1433 1294 1511 37-463

182 1540 349 1623 itt-363
387 1541 546 1618 47-563
583 1541 639 1618 613
675 1539 733 1617 683
771 1538 933 1616 63-67;
971 1537 1029 1616 62;
1066 1539 1220 1601 69-76.
1265 1535 1298 1599 in

184 1643 289 1708 medio
306 1644 447 1708 carmine
462 1643 569 1708 lenam
578 1648 650 1727 post
665 1647 840 1727 praecepta
855 1641 1081 1706 inuniversum
1090 1641 1167 1705 data
1183 1641 1297 1724 quibus

184 1748 325 1814 artificiis
349 1748 468 1814 irretiri
489 1755 521 1814 et
542 1748 639 1834 diripi
663 1747 766 1833 possit
788 1753 914 1812 amator
937 1746 1052 1812 docere
1076 1768 1174 1831 supra
1190 1747 1297 1813 obser·

184 1857 340 1922 vovimus.
386 1861 456 1921 octo
480 1861 587 1920 autem
611 1855 758 1920 versibus
780 1861 842 1934 (vv.
865 1857 1031 1934 21-28.)
1056 1860 1091 1918 ut
1110 1854 1297 1940 pudicitiam

184 1963 302 2028 abiciat
324 1962 508 2028 divitiarum
533 1959 792 2044 quaerendarum
823 1981 921 2026 causa
951 1961 1061 2045 puelia
1088 1960 1293 2042 admonetur3

184 2070 299 2154 quihus
322 2068 517 2152 respondent
540 2067 775 2151 quodammodo
807 2066 938 2133 totidem
965 2086 1079 2133 versus
1104 2068 1158 2150 qui
1181 2068 1214 2131 in
1237 2065 1298 2132 fine

185 2175 337 2241 orationis
355 2182 386 2240 et
401 2176 464 2260 ipsi
489 2174 531 2239 ad
551 2173 682 2240 divitias
699 2173 874 2260 captandas
899 2173 1108 2238 adhortantur
1125 2180 1188 2253 (vv.
1206 2179 1246 2240 49
1258 2212 1299 2222 -

185 2288 258 2363 hit).
303 2282 483 2367 interpositi
498 2282 563 2346 iam
580 2288 653 2348 sunt
669 2281 786 2364 viginti
801 2286 950 2363 quattuor
966 2301 1079 2345 versus
1098 2301 1177 2362 quos
1194 2288 1299 2344 utrum

185 2397 234 2454 ter
250 2395 379 2454 octonos
403 2409 445 2452 an
468 2389 574 2454 sexies
596 2394 768 2471 quaternos
785 2385 912 2453 efficere
930 2386 1018 2452 dicas
1035 2386 1182 2451 dubitare
1199 2393 1299 2471 potes.

185 2495 243 2561 sed
259 2503 367 2560 tamen
383 2516 514 2562 cumvv.
526 2501 565 2560 57
576 2533 619 2542 -
630 2499 670 2560 60
681 2500 816 2561 citati
832 2499 920 2557 -44
938 2514 997 2560 sua
1013 2493 1171 2559 sententia
1187 2493 1300 2557 conexi

185 2625 205 2666 a
221 2603 336 2667 ceteris
360 2609 560 2687 separentur,
580 2602 777 2685 reliquorum
799 2621 926 2683 quoque
948 2608 1194 2686 praeceptorum
1218 2619 1300 2681 quae

185 2708 320 2790 singulis
337 2707 481 2774 distichis
498 2709 697 2773 continentur
714 2705 808 2793 paria
824 2727 953 2791 semper
971 2707 1135 2788 quaternis
1152 2706 1300 2771 versibus

186 2815 380 2896 coniungere
402 2815 586 2899 praestabit.
640 2813 779 2896 denique
810 2814 905 2878 lenae
929 2813 1031 2877 oratio
1055 2813 1216 2895 utrimque
1242 2811 1300 2877 cir-

186 2919 355 3014 cumdatur
371 2921 457 2986 senis
481 2921 573 2986 denis
589 2920 744 2986 versibus.
791 2940 925 3001 quorum
942 2916 1114 2984 manifesto
1131 2940 1182 2984 vv.
1202 2925 1300 2984 1-4

187 3035 218 3094 et
234 3050 285 3094 vv.
303 3033 342 3094 73
356 3032 447 3092 -76
472 3027 533 3092 sibi
557 3023 761 3111 respondent,
785 3026 935 3108 quoniam
959 3025 1086 3107 utrique
1107 3026 1141 3090 in
1156 3033 1301 3090 mortuae

186 3135 279 3200 lenae
296 3135 570 3200 exsecrationibus
591 3138 768 3198 versantur.
814 3151 918 3214 neque
942 3133 1026 3197 inter
1050 3133 1190 3215 reliquos
1214 3139 1302 3197 certa

187 3241 346 3324 quaedam
370 3242 600 3307 sententiarum
624 3238 826 3306 necessitudo
851 3239 950 3304 deest.
1000 3259 1076 3302 nam
1101 3259 1151 3303 vv.
1178 3242 1295 3320 5—83
1386 3281 1394 3294 ·

190 3355 228 3415 13
242 3386 281 3395 —
291 3354 331 3413 20
356 3348 397 3413 de
418 3349 511 3413 lenae
527 3349 560 3413 vi
575 3348 703 3430 magica
719 3345 884 3430 praefatus
901 3345 977 3427 quid
1001 3344 1034 3409 in
1049 3345 1155 3430 ipsum
1172 3345 1301 3409 commi-

95 3493 102 3502 ·
186 3456 264 3521 serit
293 3461 389 3538 poeta
421 3455 569 3540 exponit3
606 3461 702 3536 atque
726 3475 777 3518 vv.
803 3457 948 3518 60-72
972 3459 1103 3536 propter
1127 3452 1199 3536 ipsa
1222 3451 1302 3516 haec

186 3567 320 3649 peccata
336 3561 502 3626 mulierem
520 3561 678 3625 aVenere
695 3559 801 3626 subita
817 3566 919 3624 morte
935 3558 1080 3645 punitam
1096 3564 1127 3623 et
1142 3564 1301 3622 mortuam

187 3668 271 3754 turpi
287 3667 398 3733 funere
415 3668 533 3733 elatam
551 3687 623 3733 esse
639 3666 747 3732 refert.
783 3672 925 3731 ceterum
941 3666 999 3732 hcs
1016 3685 1137 3748 versus,
1155 3684 1301 3748 praeser-

187 3776 244 3840 tim
268 3796 339 3840 cum
364 3797 415 3840 vv.
437 3780 534 3840 5-8
559 3782 590 3841 et
614 3797 664 3839 vv.
682 3779 722 3839 69
738 3812 771 3820 -
786 3778 826 3838 72
851 3795 871 3838 a
891 3773 1086 3856 reliquorum
1112 3778 1301 3854 argumento

188 3881 354 3967 paululum
370 3880 531 3964 recedant,
552 3887 584 3946 et
599 3881 632 3944 in
647 3880 737 3943 initio
755 3879 835 3944 etin
851 3878 912 3943 fine
930 3878 1056 3961 elegiae
1074 3885 1300 3961 quaternorum

187 4008 338 4054 versuum
354 3987 493 4072 strophis
510 3986 683 4071 dispositos
700 3983 1049 4051 essesacileconcedes.
1080 3985 1189 4066 itaque
1205 3983 1302 4049 totius

188 4094 338 4160 carminis
354 4093 436 4158 hanc
452 4093 587 4157 formam
603 4092 798 4158 invenimus:
