3258 5168
645 1218 802 1340 eaput
822 1219 893 1316 II.

241 1496 362 1573 Quod
379 1496 423 1564 in
451 1494 552 1564 libri
580 1494 715 1579 quinti
732 1494 987 1564 carminibus
1006 1493 1301 1577 componendis

267 1619 485 1690 consilium
507 1624 672 1690 secutus
691 1619 745 1689 sit
763 1619 1006 1704 Propertius
1026 1617 1270 1701 explicatur.

295 1879 367 1982 Iam
390 1914 465 1979 libri
489 1914 590 1998 quinti
615 1913 809 1979 carminibus
830 1933 889 1997 pro
915 1911 1000 1978 virili
1028 1917 1121 1996 parte
1150 1909 1328 1976 emendatis

212 2043 289 2104 666
306 2021 479 2104 singula
495 2020 677 2086 consilio
693 2019 980 2103 composuerit
996 2024 1130 2082 666166
1150 2017 1328 2100 quaesituri

211 2126 298 2192 haud
313 2127 423 2212 inepte
438 2127 564 2191 initium
581 2127 746 2211 capiemus
762 2147 782 2190 a
799 2146 869 2189 oar
880 2146 919 2188 m.
937 2125 974 2207 V,
995 2131 1040 2208 le,
1058 2128 1088 2206 2,
1104 2130 1133 2207 4,
1151 2123 1202 2208 61),
1218 2128 1247 2207 9,
1267 2129 1323 2188 10:

212 2233 350 2316 666616
373 2253 435 2297 666
459 2238 649 2315 argumento
676 2231 799 2296 versari
822 2231 855 2294 in
879 2236 990 2314 aperto
1015 2236 1072 2294 est.
1118 2234 1215 2311 61666
1232 2229 1327 2311 66616

211 2337 271 2403 hoe
286 2339 328 2404 sit
342 2338 412 2422 ipse
428 2344 524 2422 poeta
540 2357 579 2402 ea
596 2337 704 2420 elegia
721 2356 784 2418 666
800 2336 915 2401 6616616
939 2334 1106 2420 praefatur
1128 2335 1237 2417 palam
1253 2356 1326 2419 pro-

210 2443 324 2510 fitetur.
369 2443 519 2508 nimirum
534 2443 622 2508 urhis
638 2442 760 2508 Romae
781 2462 845 2508 non
868 2440 962 2506 modo
986 2447 1103 2506 moenia
1119 2441 1169 2524 (V,
1189 2445 1236 2524 la,
1253 2445 1326 2523 57.),

211 2549 268 2617 sed
285 2550 383 2617 etiam
399 2571 489 2616 socru
505 2556 623 2630 diesque
640 2560 667 2614 et
681 2555 855 2629 coquomino
864 2555 971 2629 prisco
987 2555 1116 2613 locorum
1139 2547 1189 2630 (V,
1208 2552 1256 2629 la,
1273 2549 1327 2624 69)

212 2663 417 2724 enarraturus
433 2661 491 2722 est.
536 2668 613 2739 ergo
630 2675 693 2720 non
709 2653 819 2738 fastos,
840 2660 875 2718 ut
890 2652 1096 2719 Lachmannc
1113 2653 1202 2718 61666
1217 2658 1268 2717 661
1284 2649 1328 2715 66
1393 2708 1398 2719 .

211 2764 248 2848 V,
268 2770 294 2847 1,
318 2770 344 2847 1,
367 2770 422 2828 661
446 2761 587 2844 origines
610 2760 778 2847 potestatis
801 2760 976 2844 Romanae,
1006 2765 1041 2825 61
1069 2751 1191 2844 placuit
1215 2759 1327 2822 Hertz-

209 2870 322 2952 bergio
339 2871 354 2932 Ι
369 2890 422 2954 pp.
439 2872 490 2953 82,
509 2874 581 2952 193,
598 2872 661 2934 216
679 2873 711 2933 et
718 2866 888 2933 Krahnero
904 2867 937 2930 in
945 2866 1107 2948 Philologi
1119 2865 1182 2930 661.
1198 2863 1328 2926 XXVII

210 2997 265 3060 pp.
285 2979 325 3040 62
347 2995 403 3058 66,
426 2973 621 3058 conditurus,
644 2971 704 3039 sed
726 2979 758 3039 et
773 2972 967 3058 topographi
984 2978 1016 3037 61
1031 2971 1205 3053 6611666611
1221 2968 1327 3035 officio

210 3081 375 3147 functurus
397 3088 477 3146 erat.
524 3081 620 3163 quale
637 3086 708 3145 erat
723 3100 838 3144 munus
855 3099 964 3144 eorum
988 3079 1151 3144 hominurn
1176 3097 1255 3158 6666
1272 3096 1327 3160 pe·

210 3188 350 3270 riegetas
381 3186 503 3268 antiqui
536 3187 702 3270 vocabant
755 3185 938 3268 periegesin
967 3185 1064 3267 igitur
1093 3184 1181 3248 urhis
1205 3183 1327 3246 Romae

211 3293 387 3378 scripturus
413 3299 483 3358 erat
507 3292 704 3376 Propertius.
720 3329 762 3338 ——
783 3297 879 3374 atque
902 3290 962 3355 hoc
983 3289 1150 3356 consilium
1173 3293 1208 3351 61
1224 3287 1328 3368 661616

210 3400 418 3484 perspiceret,
441 3387 505 3464 non
521 3404 709 3480 argumento
726 3398 830 3463 solum
846 3397 1050 3482 pronuntiato
1067 3395 1200 3478 6666611,
1216 3415 1326 3460 verum

211 3506 308 3572 etiam
324 3506 397 3590 ipsa
413 3504 570 3588 prooemii
586 3503 803 3589 inscriptione.
848 3523 924 3567 uam
939 3504 977 3587 V,
997 3509 1036 3568 16
1051 3524 1102 3567 66.
1122 3507 1136 3566 1
1156 3521 1220 3583 sq:

318 3619 373 3677 hcc
388 3619 581 3692 quodcunque
595 3617 685 3686 vides,
702 3617 815 3690 hesper,
831 3631 891 3689 quo
905 3615 1038 3674 66661166
1053 3614 1150 3673 Romu
1166 3617 1216 3683 est,

420 3728 490 3781 aare
504 3724 651 3796 166666
667 3722 886 3780 16666666
903 3725 930 3778 et
944 3703 1037 3780 reta
1049 3721 1110 3800 suu

211 3822 376 3890 adlocutus
393 3829 442 3888 est
456 3822 625 3907 hospitem.
672 3841 767 3903 quem
790 3841 874 3885 nunc
897 3820 1056 3904 separatis
1081 3821 1177 3884 etiam
1194 3837 1215 3881 a
1231 3837 1325 3882 carm.
1432 3843 1434 3846 ·

210 3931 248 4014 V,
268 3937 306 3996 16
320 3952 372 3997 66.
390 3935 426 3994 71
447 3950 515 4012 sqq.
531 3949 625 3994 nemo
642 3948 711 3992 oum
729 3927 894 4009 Scaligero
910 3925 1121 4010 horoscopum
1137 3925 1227 3990 illum
1253 3944 1326 3994 esse

211 4036 329 4122 credet,
345 4036 403 4102 sed
420 4057 492 4102 eum
509 4055 604 4117 quem
622 4035 739 4099 ducere
756 4053 791 4099 se
807 4052 866 4117 per
881 4032 970 4096 urbis
980 4022 1101 4096 Romae
1110 4031 1181 4098 vias
1198 4031 1327 4114 singula
1437 4107 1439 4110 Ι

211 4163 356 4226 6666666
372 4139 580 4208 monstrando
598 4148 629 4206 et
645 4138 835 4225 explicando
852 4139 980 4204 simulet
996 4143 1101 4223 poeta.
1134 4137 1203 4202 eius
1219 4142 1326 4201 autem
1342 4179 1343 4182 κ

211 4250 335 4316 consilii
358 4248 547 4313 memoriam
575 4265 704 4330 semper
735 4247 903 4311 resuscitat
932 4264 1109 4330 prenomen
1138 4263 1199 4324 666
1229 4242 1326 4306 utitur

210 4362 320 4420 auctor
336 4362 384 4419 hic
404 4354 493 4420 velut
509 4354 546 4436 V,
570 4360 618 4437 16,
636 4360 663 4416 6.
711 4351 784 4416 hino
807 4353 872 4416 iam
898 4351 1076 4436 perspicies
1101 4370 1155 4414 666
1172 4349 1209 4432 V,
1230 4353 1259 4432 2,
1286 4353 1324 4418 19
