3258 5168
851 471 892 537 48

314 644 525 710 Vertumnum
540 645 679 712 locutum
690 666 761 712 esse
771 667 877 711 coram
886 647 1012 732 hospite
1022 648 1237 714 statuerimus.
1268 649 1427 732 simulque

315 751 561 834 explanavimus
585 751 628 835 id,
651 752 684 815 10
708 772 770 835 quo
787 751 892 819 haesit
907 753 1140 818 Heimreiohius
1156 754 1189 817 in
1204 755 1307 839 symb.
1324 755 1377 841 ph.
1392 755 1429 818 Β.

313 878 344 941 p.
354 862 427 942 678,
444 857 528 940 quod
546 858 671 923 cuinam
687 866 836 924 narraret
844 860 1039 926 Vertumnus
1055 860 1192 926 nominis
1203 861 1252 926 sui
1269 860 1427 944 originem

202 1047 204 1052 Ι
313 982 376 1027 000
392 970 575 1049 appareret
621 984 733 1030 verum
750 965 876 1030 etiamsi
900 985 1007 1032 meam
1023 967 1215 1032 sententiam
1232 986 1295 1030 non
1312 967 1428 1051 proba-

314 1087 401 1154 vero,
424 1089 465 1135 ne
488 1076 555 1134 tum
579 1071 709 1155 quidem
734 1070 971 1157 desperandum
995 1073 1056 1138 erit
1072 1072 1112 1138 de
1129 1073 1279 1139 carminis
1296 1072 1428 1139 secundi

313 1173 384 1239 fide.
419 1195 524 1258 neque
540 1178 625 1241 enim
641 1177 744 1242 solum
759 1176 927 1262 hospitem,
950 1179 983 1242 in
1008 1199 1103 1262 quem
1128 1198 1206 1244 0000
1230 1178 1369 1265 primum
1393 1199 1428 1244 se

314 1281 479 1367 convertit,
494 1281 678 1366 adloquitur
687 1282 776 1368 deus,
792 1283 850 1350 sed
862 1289 962 1349 totam
979 1284 1106 1349 turbam
1123 1305 1219 1368 quam
1235 1291 1310 1350 ante
1326 1283 1429 1370 pedes

314 1407 388 1452 suos
412 1393 630 1455 transeuntem
653 1390 743 1456 videt
768 1391 835 1471 (cfr.
858 1411 887 1456 v.
905 1396 923 1455 5
949 1396 981 1456 ct
996 1412 1047 1456 vv.
1064 1397 1104 1455 55
1122 1389 1192 1477 sq.).
1238 1389 1271 1454 id
1287 1390 1348 1456 nisi
1365 1396 1428 1456 sta-

313 1493 423 1578 tueris,
443 1515 473 1560 0.
492 1501 531 1560 57
550 1515 623 1562 eum
639 1516 675 1564 se
690 1518 753 1563 non
768 1497 887 1562 morari
903 1498 958 1581 qui
974 1497 1016 1562 ad
1036 1496 1222 1563 vadimonia
1238 1502 1345 1561 currat
1361 1497 1429 1562 sine

315 1599 401 1665 iusta
417 1621 516 1668 causa
532 1603 636 1671 subito
653 1604 855 1671 exclamabit.
900 1605 1050 1670 nimirum
1066 1604 1150 1687 signi
1166 1603 1301 1687 titulum,
1316 1604 1350 1667 in
1366 1623 1429 1686 quo

313 1706 419 1791 ipsum
428 1708 638 1776 Vertumnum
652 1719 838 1778 narrantem
855 1711 976 1777 inducit
992 1715 1110 1794 auctor,
1126 1716 1239 1794 aperte
1255 1708 1354 1775 refert
1369 1708 1430 1773 hoc

314 1833 452 1880 carmen.
498 1817 548 1881 cui
564 1817 612 1883 rei
628 1819 748 1903 optimc
769 1819 918 1885 convenit
934 1817 1064 1884 artificis
1079 1817 1113 1881 in
1135 1815 1198 1881 fine
1221 1816 1290 1881 eius
1313 1835 1430 1880 nomen

314 1924 346 1985 et
360 1919 441 1986 laus.
487 1928 584 2006 atque
606 1921 667 1988 hac
695 1931 818 1990 tantum
842 1925 966 1991 ratione
988 1923 1124 2010 probata
1140 1922 1341 2008 explicantur
1357 1942 1429 2007 pro-

314 2026 445 2093 nomina
461 2034 536 2092 boec
551 2037 591 2108 (v.
610 2035 643 2110 5)
659 2036 717 2094 hcc
743 2041 782 2106 (0.
801 2031 834 2116 7)
851 2041 961 2096 tontum
985 2035 1026 2110 (v.
1043 2036 1075 2112 9)
1100 2048 1183 2112 quae
1206 2034 1300 2112 gestu
1322 2027 1429 2110 aliquo

313 2132 493 2198 illustrasse
509 2133 589 2200 deus
606 2134 786 2202 censendus
803 2143 859 2222 cst,
876 2137 969 2220 00001
979 2134 1168 2203 eloooedito
1185 2134 1313 2219 publice
1330 2134 1431 2199 verba

315 2237 443 2304 faceret.
490 2260 567 2324 ergo
584 2239 739 2307 fastorum
757 2241 989 2308 Ovidianorum
1011 2244 1046 2326 (I,
1064 2247 1104 2308 63
1122 2249 1201 2323 sqq.)
1218 2240 1430 2306 imitationem

314 2345 431 2411 iniuria
446 2347 627 2431 suspicatus
636 2355 685 2414 cst
693 2349 937 2415 Heimrciohius.
955 2387 996 2396 -
1013 2348 1152 2428 denique
1161 2353 1195 2412 ut
1204 2353 1428 2430 argumentum

314 2458 346 2516 et
368 2452 533 2536 inscriptio
557 2454 743 2538 carminum,
774 2455 820 2520 ita
851 2456 949 2520 ctiam
973 2455 1056 2520 ratio
1084 2474 1148 2537 qua
1171 2453 1252 2517 illud
1280 2452 1431 2517 tractavit

314 2565 411 2642 poeta
434 2558 531 2642 plane
555 2558 649 2626 decet
668 2561 879 2645 periegetam.
924 2561 1072 2626 solebant
1096 2560 1181 2624 cnim
1205 2559 1259 2640 qui
1282 2559 1429 2643 periege-

313 2670 418 2728 tarum
435 2663 469 2728 in
485 2664 618 2731 urbibus
642 2667 782 2750 antiquis
806 2687 920 2732 munus
944 2667 1170 2752 suscipiebant,
1190 2671 1225 2729 ut
1247 2685 1311 2729 non
1334 2663 1429 2729 modo

314 2790 372 2855 per
395 2791 431 2836 00
454 2769 608 2837 credibile
631 2777 688 2856 007,
719 2771 777 2839 sed
798 2773 988 2839 testimoniis
1014 2773 1111 2837 etiam
1135 2772 1223 2836 velut
1246 2771 1429 2836 Pausaniae

314 2882 447 2960 constat,
471 2878 536 2942 0110
552 2898 635 2960 0000
651 2899 714 2945 000
730 2899 861 2964 prorsus
878 2879 1022 2946 ementiti
1039 2885 1130 2944 erant
1145 2879 1191 2942 ita
1207 2895 1374 2960 enomere,
1395 2882 1430 2940 ut

313 2982 480 3048 lenociniis
512 2989 680 3068 captarent
710 2984 907 3052 audientium
939 3006 1043 3070 aures,
1077 2985 1142 3050 0110
1170 2985 1267 3048 etiam
1299 3002 1430 3067 prorsus

315 3089 511 3154 comminisci
528 3089 580 3155 vel
596 3090 678 3155 inter
695 3113 730 3158 se
746 3093 931 3177 pugnantia.
969 3111 1049 3174 quas
1065 3096 1173 3156 tamen
1189 3110 1296 3155 rerum
1312 3109 1430 3174 repug-

314 3195 440 3262 nantias
464 3215 569 3279 neque
592 3197 653 3281 ipsi
679 3199 860 3264 sentiebant
882 3220 939 3264 000
971 3197 1117 3280 acumine
1148 3195 1234 3261 ducti
1261 3194 1429 3279 00000,οἰ

314 3300 476 3368 auditores
508 3303 649 3368 animum
677 3304 898 3389 advertebant,
931 3305 1107 3389 explanare
1138 3307 1293 3386 poterant.
1340 3299 1430 3382 atqui

314 3407 452 3472 similem
475 3409 508 3472 in
533 3409 662 3474 modum
691 3431 766 3477 0000
796 3411 996 3476 narrationes
1027 3409 1203 3474 instituisse
1227 3407 1429 3491 Propertium
1475 3435 1478 3442 ·

315 3513 440 3580 duabus
457 3514 597 3581 maxime
613 3517 709 3582 rebus
731 3517 835 3582 evinci
851 3522 966 3603 potest.
1003 3536 1078 3580 narn
1094 3515 1231 3598 primum
1249 3511 1378 3594 quidem
1395 3513 1431 3596 V,

318 3626 358 3683 ta
374 3642 424 3685 vv.
442 3625 482 3686 63
501 3641 555 3703 0οε

502 3737 534 3790 ut
547 3733 655 3792 000070
670 3735 830 3806 tumefacto
845 3733 997 3809 superbiat
1016 3733 1134 3794 Umbrio
1151 3732 1241 3811 176070,

591 3839 708 3899 ameno
723 3841 851 3899 17070007
863 3842 967 3914 patrio
986 3840 1156 3900 Callimachi

316 3940 548 4006 Callimachum
573 3939 691 4002 αἰτίων
712 3948 875 4006 auctorem
897 3941 1081 4025 exemplum
1097 3938 1182 4021 quod
1197 3940 1377 4004 imitaretur
1394 3957 1430 4004 se

316 4046 524 4130 proposuisse
552 4046 615 4110 sibi
639 4045 799 4129 significat
821 4045 888 4125 (cfr.
904 4045 1135 4128 Hertzbergius
1159 4047 1223 4130 lp.
1252 4049 1339 4124 198).
1373 4043 1431 4110 hos

317 4152 402 4217 enirn
420 4171 533 4217 versus
549 4152 577 4216 01
594 4151 641 4215 170
655 4153 904 4237 interpretamur
912 4151 1126 4217 Heimreiohio
1136 4158 1265 4216 auctore
1281 4151 1313 4214 in
1327 4151 1431 4234 symb.

316 4258 367 4344 ph.
386 4258 421 4321 B.
438 4280 468 4342 p.
486 4262 560 4342 678,
590 4263 624 4320 ut
645 4258 810 4322 Umbriam
836 4279 926 4324 suam
951 4259 1088 4343 patriam
1112 4256 1313 4339 eandemque
1335 4255 1429 4320 Calli-

316 4364 421 4430 machi
444 4364 580 4429 Romani
606 4365 625 4428 i.
650 4383 676 4428 0.
693 4364 853 4449 Propertii
877 4365 964 4429 dicat
984 4364 1127 4448 scriptor,
1151 4386 1180 4430 0.
1205 4368 1246 4429 64
1270 4363 1324 4445 001
1348 4383 1432 4427 0000
