3258 5168
854 439 895 500 42

319 609 470 677 habuisse
486 610 676 677 contendas:
698 632 754 676 cnr
769 613 879 677 Bonae
895 611 977 677 deae
990 612 1096 678 lucum
1112 611 1238 696 ingredi
1247 612 1432 698 studuisset,

319 739 413 802 quom
429 718 507 783 viris
525 719 666 784 clausum
693 739 764 785 esse
780 718 964 785 scivisset?
993 718 1052 785 has
1068 726 1175 784 antem
1192 720 1232 785 ob
1250 740 1364 786 causas
1380 742 1431 786 vv.

320 830 359 891 43
377 846 423 910 44.
440 830 513 910 post
529 825 705 891 sacerdotis
722 825 910 909 orationem,
926 845 990 908 qua
1006 832 1038 890 et
1054 846 1074 888 a
1090 825 1176 890 fonte
1193 827 1384 911 propellitur
1400 833 1432 892 41

318 933 429 998 Bonae
446 930 530 996 deae
554 932 660 995 lucum
675 930 757 996 hune
773 951 845 997 esse
862 931 978 997 certior
993 929 1028 996 fit
1043 933 1091 996 vir
1107 931 1308 1016 fortissimus,
1332 939 1430 998 retra-

317 1036 415 1104 hendi
441 1043 523 1122 4441,
547 1035 575 1103 41
599 1036 677 1120 quid
693 1038 797 1122 video,
813 1045 888 1103 ante
905 1060 933 1103 v.
951 1043 1000 1103 67.
1048 1058 1109 1120 444
1126 1037 1305 1122 saetacum
1322 1060 1373 1104 vv.
1390 1044 1431 1104 65

317 1165 363 1228 sq.
379 1144 452 1210 hinc
468 1143 708 1228 removerimus,
725 1144 880 1209 Hercules
893 1143 1029 1228 abrupto
1046 1142 1174 1208 dicendi
1188 1163 1309 1226 genere
1325 1143 1430 1227 indig-

317 1251 486 1316 nabundus
504 1246 727 1316 crudelitatem
743 1251 914 1316 mulierum
937 1249 989 1315 vel
1012 1248 1143 1315 Iunonis
1166 1249 1323 1315 saevitiae
1347 1270 1429 1316 com-

317 1363 412 1443 parat
427 1357 536 1440 itaque
551 1357 601 1422 ira
616 1357 798 1423 stimulatus
806 1357 916 1423 statim
931 1356 1040 1448 tristes
1056 1357 1097 1421 de
1114 1376 1172 1419 ara
1180 1356 1322 1420 maxima
1337 1355 1429 1438 leges

318 1464 435 1548 puellis
451 1463 587 1548 imponit
608 1502 649 1512 -
673 1463 737 1528 nisi
760 1462 840 1529 sorte
860 1463 968 1548 ipsum
991 1462 1143 1529 orationis
1163 1461 1288 1526 initium
1303 1435 1385 1527 bote
1403 1484 1429 1527 v.

317 1575 356 1635 43
374 1568 577 1656 deperditum
593 1590 666 1637 esse
678 1569 876 1656 probabilius
893 1569 1048 1636 censebis.
1079 1568 1197 1635 sublati
1213 1575 1320 1632 autem
1337 1575 1429 1633 erant

317 1696 334 1740 e
352 1696 411 1742 sua
427 1675 514 1760 sede,
530 1683 565 1740 ut
580 1698 610 1743 v.
621 1680 672 1760 42,
688 1677 785 1742 etiam
801 1698 853 1741 vv.
863 1681 904 1742 43
921 1697 968 1759 44.
984 1675 1026 1739 44
1046 1676 1195 1740 lacunam
1212 1673 1423 1760 explendam;

316 1803 413 1865 quam
430 1789 503 1867 post
519 1803 549 1846 v.
567 1786 604 1845 41
624 1802 687 1846 444
703 1783 806 1848 solum
822 1787 1024 1867 pentameter
1049 1779 1237 1864 deperditus
1253 1801 1428 1864 agnoscen-

316 1886 390 1950 dam
407 1907 479 1953 esse
503 1887 709 1972 demonstrat,
732 1889 960 1954 verumetiam
983 1888 1055 1972 ipsa
1076 1888 1244 1954 sententia.
1289 1906 1427 1970 namque

316 1994 479 2077 Hercules,
503 1994 559 2077 441
574 2015 625 2060 vv.
642 1999 683 2058 45
701 2014 769 2078 sqq.
793 2014 834 2060 ne
850 1999 983 2080 proptor
1006 1993 1151 2058 habitum
1174 1992 1350 2060 terribilem
1375 2014 1427 2057 44-

316 2099 455 2184 pellatur
471 2097 656 2166 sacerdotes
681 2106 760 2185 orat,
784 2107 882 2165 antea
904 2100 991 2164 hand
1014 2099 1112 2166 dubie
1135 2098 1268 2166 easdem
1293 2101 1428 2184 rogavit,

315 2214 348 2270 ut
365 2204 523 2271 aditusad
538 2206 642 2273 fontes
658 2207 863 2292 sibipateret.
895 2205 1054 2272 eiusmodi
1066 2206 1164 2290 igitur
1180 2206 1302 2289 aliquot
1313 2226 1427 2272 versus

314 2319 387 2398 post
403 2335 431 2379 v.
449 2318 487 2378 41
508 2313 582 2377 olim
599 2313 797 2397 legebantur.
844 2318 984 2380 ceterum
1001 2335 1052 2379 vv.
1068 2318 1110 2377 42
1121 2317 1213 2377 -44
1237 2332 1302 2377 una
1325 2318 1427 2378 trans-

316 2420 438 2504 positos
455 2439 528 2485 esse
550 2426 697 2504 apparet,
729 2426 901 2505 postquam
916 2419 982 2485 iam
998 2441 1050 2486 vv.
1067 2425 1107 2485 65
1125 2438 1171 2503 44.
1187 2419 1221 2483 14
1237 2438 1310 2484 enm
1327 2419 1430 2486 locum

229 2565 233 2572 -
315 2525 414 2591 delati
431 2526 494 2591 sint
510 2545 604 2608 quem
621 2526 718 2608 vulgo
734 2531 872 2592 teneant.

403 2632 462 2697 His
478 2633 664 2696 lacunarum
674 2633 832 2717 exemplis
848 2632 1021 2718 propositis
1038 2631 1164 2697 facilius
1180 2631 1319 2697 fortasse
1334 2631 1431 2698 fidem

315 2737 478 2803 habebunt
494 2738 556 2804 duo
573 2738 639 2802 alia
655 2760 718 2804 non
734 2746 799 2804 tam
818 2739 913 2805 claris
929 2739 1127 2822 argumentis
1143 2738 1259 2822 144144.
1296 2759 1430 2821 qnorum

316 2844 454 2929 primum
471 2850 610 2909 estante
626 2846 664 2929 V,
688 2851 706 2911 6
724 2867 753 2910 v.
772 2851 821 2910 85.
866 2864 1006 2928 namque
1029 2852 1072 2908 sic
1086 2844 1189 2928 inquit
1206 2850 1303 2930 poeta
1319 2855 1430 2910 noctem

309 2962 431 3034 potero,
453 2957 495 3014 rto
517 2957 623 3016 dacum
645 2958 784 3016 carratae.
838 2959 871 3017 at
895 2973 946 3017 vv.
969 2957 1006 3016 71
1029 2987 1069 2996 —
1085 2956 1125 3017 76
1149 2951 1259 3015 vinum
1286 2971 1364 3016 sane
1396 2973 1431 3016 se

315 3062 499 3142 potaturum
524 3076 596 3122 4444
620 3056 761 3142 exponit,
785 3057 842 3122 sed
858 3079 911 3122 vv.
927 3064 967 3122 77
990 3077 1059 3139 444.
1083 3063 1206 3121 tantum
1230 3056 1307 3139 quid
1324 3063 1430 3122 canta-

314 3169 404 3228 turus
421 3184 484 3227 non
500 3163 540 3227 sit
556 3161 707 3228 declarat.
740 3164 918 3228 utalterum
930 3169 1068 3229 sitrecte
1084 3163 1308 3247 sesehaberet‚
1324 3183 1429 3229 nonne

316 3290 399 3352 quae
416 3274 608 3352 argumenta
631 3269 825 3335 carminibus
850 3275 1042 3334 tractaturus
1059 3274 1152 3352 esset,
1177 3269 1284 3333 414414
1308 3269 1431 3334 44111441

316 3383 348 3440 41
364 3396 500 3458 amores,
516 3373 681 3441 addidisse
697 3374 858 3461 putandus
875 3383 924 3441 441
939 3381 1158 3461 poetaantev.
1169 3375 1234 3440 85?
1246 3376 1430 3442 -alterum

316 3489 424 3547 autem
451 3482 634 3566 exemplum
659 3482 819 3546 invenitur
845 3488 920 3549 ante
944 3483 981 3566 V,
1008 3486 1046 3547 10
1071 3503 1099 3547 v.
1125 3487 1174 3546 43.
1221 3481 1349 3548 etiamsi
1372 3481 1431 3546 hoo

316 3588 457 3654 carmine
481 3593 706 3670 argumentum
730 3608 822 3653 suum
852 3594 1005 3652 nontam
1037 3587 1177 3671 exponit,
1209 3607 1305 3669 quam
1327 3588 1432 3670 tangit

315 3701 435 3778 auctor,
459 3700 568 3759 tamen
585 3713 667 3777 qnae
683 3691 813 3758 tandem
831 3700 888 3778 est,
911 3694 1102 3778 praesertim
1127 3714 1197 3758 cum
1220 3715 1271 3758 vv.
1298 3700 1334 3758 41
1362 3715 1430 3776 sqq.

315 3807 381 3866 tam
397 3806 546 3865 accurate
556 3798 695 3866 describi
705 3804 837 3884 coeptus
846 3799 887 3866 sit
896 3801 977 3864 alter
993 3798 1207 3883 adversarius,
1223 3799 1286 3866 iste
1302 3820 1430 3884 pugnae

316 3906 488 3992 descriptio
507 3926 571 3989 qua
587 3906 709 3990 torquis
726 3905 917 3972 Virdomaro
931 3907 973 3972 ab
989 3906 1091 3972 incisa
1103 3906 1181 3988 gula
1192 3905 1352 3972 decidisse
1369 3905 1430 3970 fer·-

315 4013 388 4078 tur?
401 4013 520 4080 ferrem
529 4012 742 4098 bonfortasse,
751 4013 778 4078 si
788 4010 1143 4098 direptailliaOlaudio
1153 4011 1329 4076 diceretur:
1348 4032 1431 4078 4444

315 4141 379 4185 444
402 4140 532 4205 possum
556 4141 620 4185 non
641 4118 797 4203 suspicari
821 4126 895 4184 ante
919 4140 948 4183 v.
963 4123 1002 4182 43
1027 4138 1138 4202 pugna
1161 4117 1323 4202 copiosius
1339 4138 1430 4184 enar-

316 4233 387 4292 rata
403 4225 615 4310 descripsisse
639 4231 769 4310 poctam
793 4232 827 4289 ut
844 4223 997 4290 Claudius
1013 4223 1204 4290 Virdomaro
1221 4225 1337 4290 collum
1353 4244 1429 4290 ense

316 4332 516 4400 dissecuerit.
