3226 5162
865 409 904 471 72

328 595 403 654 6616
418 609 448 653 v.
466 592 506 654 29
524 593 555 652 61
571 591 644 651 ante
661 607 690 650 v.
707 591 757 650 51.
794 603 876 668 quae
893 604 964 650 cum
981 584 1027 648 ita
1043 585 1115 667 sint,
1131 591 1241 650 tamen
1257 591 1345 651 certa
1360 584 1442 652 haec

328 701 410 763 sunt.
457 701 489 759 et
505 693 644 780 primum
661 691 792 777 quidem
808 693 966 778 epistulae
982 692 1182 778 inscriptioni
1199 698 1262 774 (vv.
1282 699 1295 757 1
1315 699 1375 776 sq.)
1391 712 1441 792 16-

328 801 465 890 spondet
489 802 558 867 sine
583 800 679 866 dubio
703 821 864 865 armorum
889 800 1068 865 votivorum
1092 800 1203 866 titulus
1227 805 1290 881 (vv.
1308 805 1345 863 71
1373 805 1442 882 sq).

223 951 225 954 -
327 911 417 975 illam
441 913 549 974 antem
565 913 715 973 secuntur
739 907 788 973 bis
812 907 960 990 quaterni
980 927 1093 972 versus
1117 907 1233 988 quibus
1249 907 1394 991 Lycotae
1409 906 1443 969 in

328 1016 423 1082 bellis
438 1015 618 1081 absentiam
634 1014 796 1080 Arethusa
812 1013 960 1100 deplorat
982 1021 1045 1092 (vr.
1063 1017 1131 1078 3-
1145 1018 1223 1096 lb),
1245 1011 1442 1094 totidemque

328 1123 401 1188 huic
418 1120 615 1208 praecedunt
624 1128 686 1200 (vv.
697 1126 839 1201 63-70)
850 1120 964 1204 quibus
977 1119 1092 1185 eadem
1109 1121 1276 1186 absentem
1293 1119 1442 1184 maritum

329 1236 364 1295 ut
387 1227 578 1294 Parthorum
602 1227 667 1292 tela
688 1233 802 1292 caveat
825 1233 856 1292 61
871 1226 952 1292 fidus
977 1227 1068 1291 uxori
1092 1247 1167 1290 mox
1189 1224 1303 1292 redeat
1326 1232 1441 1291 monet

328 1337 361 1401 in
377 1336 484 1402 medio
501 1341 609 1400 autern
626 1334 767 1399 carmine
783 1353 885 1416 usqne
895 1334 937 1399 ad
947 1356 977 1401 v.
987 1338 1028 1399 28
1045 1333 1238 1400 Arethusam
1254 1333 1349 1400 malis
1365 1333 1441 1399 omi-

328 1444 422 1508 nibus
447 1462 482 1508 se
505 1449 640 1526 nuptam
663 1441 839 1524 duramque
863 1442 1007 1524 coniugis
1030 1441 1178 1507 militiam
1201 1441 1300 1525 queri,
1324 1439 1399 1505 inde
1415 1459 1442 1503 a.

329 1571 358 1615 v.
368 1554 409 1614 29
419 1549 542 1614 tristem
559 1569 650 1614 suam
665 1550 698 1613 iu
714 1549 833 1614 relictis
850 1548 984 1614 aedibus
994 1569 1065 1612 cum
1081 1548 1192 1634 paucis
1208 1546 1442 1612 ancillisvitam

329 1655 512 1722 describere
529 1656 767 1741 praetermissis
783 1656 909 1720 interim
926 1677 977 1721 vv.
995 1661 1033 1720 41
1044 1661 1138 1721 -56
1155 1656 1375 1748 observamus.
1410 1653 1442 1716 in

329 1769 465 1845 utraque
487 1768 595 1827 autem
619 1769 711 1847 parte
734 1782 883 1827 senorum
905 1783 1054 1828 versuum
1075 1762 1227 1848 strophae
1251 1762 1296 1826 ita
1320 1760 1442 1827 confor-

330 1875 437 1932 matae
461 1873 542 1951 sunt,
573 1874 608 1931 ut
633 1867 768 1950 singulis
791 1868 936 1934 distichis
968 1869 1044 1933 bina
1074 1869 1314 1950 subiungantur.
1368 1889 1442 1932 nam

329 1975 491 2040 Arethusa
506 1995 557 2039 vv.
570 1979 604 2037 11
617 2012 659 2021 -
672 1979 710 2038 16
726 1973 834 2039 invitis
851 1973 921 2039 dcis
937 1995 972 2040 se
995 1981 1128 2060 nuptam
1149 1975 1292 2059 Lycotae
1316 1975 1437 2058 plorat3

330 2103 381 2148 vv.
408 2085 735 2146 17-22661161616
762 2081 961 2146 inventorem
990 2088 1192 2163 exsecratur,
1221 2083 1441 2148 1623-28

330 2187 478 2254 maritum
495 2186 577 2251 dura
592 2186 709 2252 militia
724 2193 876 2252 vexatum
893 2187 1048 2270 ostendit,
1077 2189 1219 2271 itemque
1243 2209 1294 2253 vv.
1311 2191 1441 2252 29-34

331 2293 407 2378 quid
424 2292 553 2361 deserta
568 2294 713 2359 noctibus
731 2295 834 2376 egerit
849 2291 973 2376 narrat,
1002 2315 1053 2359 vv.
1071 2298 1111 2358 35
1123 2299 1215 2358 -40
1233 2313 1268 2358 se
1284 2299 1441 2358 terrarum

331 2402 435 2485 611616,
450 2401 483 2465 in
500 2401 615 2482 quibus
624 2407 770 2466 versetur
785 2402 930 2485 coniunx,
947 2401 1090 2466 ediscere
1106 2399 1217 2483 refert,
1239 2403 1442 2465 11.57-62

330 2530 388 2593 616
405 2507 511 2573 reditu
534 2507 677 2590 coniugis
702 2505 818 2572 cotidie
842 2514 919 2573 vota
942 2507 1105 2574 66166616
1129 2506 1275 2571 affirmat.
1320 2505 1370 2571 his
1388 2525 1441 2570 611-

330 2614 457 2699 plicatis
473 2634 535 2696 666
558 2614 624 2679 iam
645 2613 814 2679 redeamus
838 2614 880 2678 ad
904 2636 955 2680 vv.
979 2618 1130 2678 41-56.
1177 2635 1311 2696 quorum
1334 2634 1386 2679 vv.
1403 2616 1442 2675 43

331 2760 372 2768 —
390 2726 431 2785 50
448 2728 521 2807 post
538 2743 567 2786 v.
584 2725 626 2786 28
643 2721 873 2786 1166616116166.
920 2727 1017 2803 atquc
1034 2723 1243 2786 1613-48
1260 2725 1351 2805 66161
1366 2718 1443 2782 Arc-

330 2827 424 2893 thusa
439 2833 473 2892 ut
489 2847 627 2912 asperae
643 2828 778 2893 militiae
803 2848 931 2893 consors
954 2847 1025 2892 6666
1043 2827 1144 2912 possit
1159 2827 1309 2891 maritum
1325 2831 1444 2891 secuta.

330 2935 389 2999 hoc
405 2940 631 3000 autemvotum
647 2940 681 2997 61
697 2933 866 2999 manifesto
883 2933 926 2997 ad
935 2933 1075 3018 priorem
1085 2933 1211 3015 elegiae
1227 2938 1444 3018 partemquac

331 3062 384 3106 vv.
396 3042 700 3106 1-286661166161·
717 3042 863 3126 pertinet,
879 3041 926 3104 ita
942 3041 1041 3105 ctiam
1059 3060 1098 3105 66
1113 3040 1273 3106 6661611116
1290 3058 1386 3122 quam
1403 3037 1443 3101 ad

332 3151 484 3230 vudbsq.
492 3146 726 3229 intellegendos
736 3146 989 3211 subaudiendam
999 3167 1071 3212 esse
1085 3146 1308 3232 indicavimus,
1325 3146 1447 3212 scilicet

330 3254 437 3318 mariti
453 3273 562 3318 amore
571 3254 679 3319 omnia
693 3254 979 3337 periculamilitiae
995 3254 1097 3338 leniri,
1113 3261 1178 3318 tam
1188 3254 1285 3318 arctis
1302 3273 1374 3317 cum
1392 3271 1445 3317 66-

332 3361 405 3426 dem
420 3365 511 3445 parte
528 3361 663 3426 vinculis
680 3381 802 3426 conexa
819 3369 876 3443 661,
900 3366 934 3425 61
953 3360 985 3424 hi
1002 3381 1114 3426 versus
1130 3361 1205 3426 inde
1222 3360 1367 3446 separari
1383 3379 1447 3424 non

332 3468 465 3552 possint.
510 3466 619 3548 itaque
636 3467 752 3551 prioris
768 3468 870 3552 partis
887 3467 951 3532 iarn
968 3467 1123 3532 habemus
1140 3468 1280 3550 quinque
1296 3485 1446 3532 senorum
1515 3451 1522 3462 ⁸

331 3594 482 3639 versuum
499 3572 664 3658 strophas:
699 3593 774 3637 nam
799 3579 948 3655 quattuor
971 3579 1094 3638 tautum
1112 3571 1235 3658 postu.
1252 3578 1293 3637 50
1311 3574 1446 3638 omissos

333 3701 405 3745 esse
421 3700 544 3763 versus,
568 3679 739 3744 dummodo
755 3680 788 3745 hi
812 3679 991 3745 sententiae
1015 3679 1222 3764 satisfaciant,
1244 3686 1353 3745 nostro
1376 3679 1446 3744 iure

332 3787 511 3870 statuimus,
543 3786 691 3868 quoniam
719 3806 760 3851 116
787 3786 867 3851 illud
896 3786 1026 3869 quidem
1054 3787 1170 3852 certius
1202 3786 1307 3852 evinci
1331 3792 1446 3870 potest,

333 3894 442 3978 plures
460 3913 556 3976 quam
573 3899 723 3975 quattuor
740 3892 908 3958 excidisse.
954 3892 994 3958 ab
1019 3893 1122 3958 altera
1145 3900 1254 3957 autem
1278 3896 1370 3977 parte
1387 3892 1445 3956 cir-

333 4000 486 4065 cumclusi
502 4005 576 4065 sunt
592 4005 703 4085 vult,
719 4003 760 4064 42
778 4005 1022 4081 strubi-563
1044 3998 1215 4081 eidemque
1231 3999 1316 4084 parti
1333 4004 1446 4083 aperte

333 4105 503 4172 tribuenda
519 4113 568 4171 est
584 4106 728 4189 querella
744 4127 809 4188 qua
824 4111 898 4171 ante
914 4127 966 4170 vv.
983 4111 1020 4170 51
1040 4127 1109 4188 sqq.
1126 4105 1320 4170 Arethusam
1337 4105 1445 4171 deser-

333 4220 398 4279 tam
414 4212 455 4278 de
471 4212 610 4278 sordidis
626 4213 769 4278 vestibus
786 4213 853 4280 suis
869 4213 1006 4277 locutam
1024 4233 1095 4278 esse
1112 4213 1313 4278 coniecimus.
1348 4219 1445 4294 atque

332 4320 413 4385 haec
429 4320 526 4386 ctiam
543 4325 693 4402 quattuor
709 4320 855 4385 versibus
871 4319 996 4384 absolvi
1012 4324 1146 4404 poterat.
1178 4319 1286 4402 itaque
1303 4339 1375 4384 curn
1391 4339 1445 4384 vv.
