3226 5162
856 477 896 540 64

392 649 419 706 b.
432 650 472 705 Te
485 651 569 705 modo
582 651 714 706 viderunt
728 649 853 719 [iteratos
866 651 967 705 Bactra
979 665 1030 720 per
1043 651 1131 719 ortus]

463 746 490 794 te
504 740 587 793 modo
600 741 707 794 munito
721 738 858 794 Neuricus
871 738 961 792 hostis
974 753 1056 809 equo,

427 828 590 896 hibernique
604 829 700 896 Getae,
713 828 844 896 pictoque
857 827 1002 882 Britannia
1014 845 1105 896 curru,

462 920 543 970 ustus
556 922 585 971 et
597 931 649 971 eoe
662 916 785 970 discolor
797 916 884 970 Indus
896 931 977 986 aqua.

333 1074 362 1130 (l.
381 1090 405 1129 a.
425 1076 536 1130 Haeene
549 1076 647 1130 marita
660 1071 730 1130 fides
744 1082 772 1130 et
784 1082 883 1145 pactae
896 1076 925 1130 in
938 1076 1016 1132 savia
1029 1079 1134 1143 noctes,

462 1181 524 1219 oum
537 1165 614 1218 rudis
628 1163 739 1231 urgenti
751 1164 881 1219 bracchia
892 1165 967 1219 victa
980 1164 1067 1220 dedi?
1080 1195 1116 1203 -

428 1252 578 1320 quaemihi
591 1253 728 1306 deductae
741 1252 788 1306 fax
801 1266 882 1306 omen
894 1253 1036 1322 praetulit,
1049 1253 1097 1306 illa

463 1341 548 1394 traxit
561 1341 596 1396 ab
610 1355 708 1394 everso
722 1341 825 1394 lumina
838 1341 918 1408 nigra
931 1357 1009 1408 rogo,

427 1434 456 1483 et
468 1429 567 1498 Stygio
581 1444 641 1482 sum
655 1443 753 1497 sparsa
765 1429 836 1496 lacu,
850 1443 900 1482 nec
912 1435 988 1483 recta
1001 1428 1110 1498 capillis

463 1517 537 1571 vitta·
547 1517 612 1571 data
625 1521 675 1585 est,
690 1517 772 1586 nupsi
785 1533 842 1570 non
855 1517 1004 1571 comitante
1018 1517 1081 1571 deo,

391 1642 419 1696 b.
433 1641 566 1696 Omnibus
578 1641 633 1695 heu
645 1641 735 1711 portis
748 1641 872 1710 pendent
884 1655 945 1696 mea
956 1640 1041 1695 noxia
1054 1645 1134 1694 vota:

463 1729 568 1784 texitur
580 1729 648 1784 haec
661 1729 759 1784 castris
772 1735 872 1798 quarta
884 1730 995 1784 lacerna
1007 1729 1072 1783 tuis.
1086 1759 1120 1769 -

428 1818 545 1884 occidat,
559 1817 694 1872 immerita
707 1817 755 1886 qui
768 1817 872 1886 carpsit
885 1818 921 1872 ab
934 1817 1033 1872 arbore
1046 1819 1150 1872 vallum

463 1909 492 1959 et
505 1907 607 1959 struxit
619 1907 750 1974 querulas
762 1921 846 1960 rauca
858 1921 909 1975 per
922 1922 987 1961 ossa
999 1908 1090 1974 tubas,

428 1993 539 2060 dignior
552 1994 666 2063 obliquo
680 1994 774 2048 funem
787 1995 835 2062 qui
848 1999 977 2064 torqueat
990 1995 1065 2049 Ocno
1128 1999 1132 2008 “

463 2088 646 2151 aeternusque
660 2087 735 2135 tuam
749 2089 854 2151 pascat,
868 2083 961 2150 aselle,
973 2083 1080 2137 famem.

392 2221 414 2259 o.
433 2205 484 2258 Dic
496 2203 571 2270 mihi,
585 2221 650 2257 num
664 2210 775 2259 teneros
789 2206 844 2259 urit
856 2206 944 2260 lorica
956 2207 1096 2260 lacertos?

463 2309 528 2346 num
540 2292 635 2359 gravis
648 2293 773 2348 imbelles
786 2294 883 2348 atterit
895 2293 976 2348 hasta
988 2295 1107 2347 manus?
1122 2326 1154 2332 -

427 2381 495 2436 haec
509 2387 629 2435 noceant
641 2383 737 2450 potius
750 2398 833 2451 quam
847 2382 978 2437 dentibus
991 2383 1048 2436 ulla
1061 2383 1155 2451 puella

464 2471 511 2524 det
523 2469 590 2524 mihi
602 2470 754 2538 plorandas
767 2475 878 2538 pertua
891 2470 964 2525 oolla
976 2475 1067 2525 notas.

317 2609 321 2620 ,
429 2558 530 2612 diceris
543 2562 571 2613 et
583 2557 669 2612 macie
682 2558 790 2612 vultum
804 2564 950 2614 tenuasse:
966 2559 1016 2612 sed
1030 2564 1107 2628 opto,

463 2661 478 2699 e
493 2645 632 2700 desiderio
647 2646 684 2700 sit
696 2647 773 2700 color
785 2647 838 2702 iste
851 2663 921 2702 meo.

395 2771 420 2823 d.
435 2769 512 2824 Felix
525 2769 697 2839 Hippolyte!
712 2771 787 2825 nuda
800 2771 865 2824 tulit
877 2787 952 2825 arma
964 2771 1071 2840 papilla

464 2863 494 2911 et
505 2857 577 2910 texit
587 2859 668 2925 galea
681 2858 799 2912 barbara
812 2859 894 2913 molle
907 2864 999 2927 caput.
1014 2890 1047 2898 —

429 2946 562 3001 Romanis
575 2921 681 3000 utiu⁸am
694 2947 851 3015 patuissent
863 2952 955 3001 castra
967 2948 1085 3016 puellis!

464 3049 554 3088 essem
566 3034 680 3088 militiae
694 3034 802 3088 sarcina
814 3030 870 3089 fida
883 3040 956 3104 tuae,

430 3138 481 3178 neo
493 3138 536 3176 me
549 3124 692 3178 tardarent
704 3123 834 3193 Scythiae
848 3124 921 3192 iuga,
936 3141 996 3177 cum
1009 3127 1091 3191 pater
1103 3121 1174 3175 altas

464 3209 580 3265 tetricus
592 3211 622 3264 in
634 3211 751 3280 glaciem
764 3212 867 3280 frigore
882 3211 967 3265 nectit
980 3227 1076 3280 aquas.

394 3350 417 3390 e.
437 3335 532 3389 Omnis
551 3351 627 3388 amor
645 3351 769 3404 maguus,
793 3336 843 3390 sed
862 3340 960 3404 aperto
979 3335 1007 3389 in
1026 3335 1144 3403 coniuge
1163 3333 1266 3388 maior:

463 3423 534 3477 hanc
546 3425 651 3491 Venus,
665 3428 696 3477 ut
708 3425 794 3491 vivat,
808 3424 926 3478 ventilat
938 3425 1001 3492 ipsa
1013 3423 1108 3477 facem.
1122 3454 1156 3463 -

334 3935 375 3991 0⁴.
389 3952 413 3991 a.
427 3934 470 3991 At
482 3936 548 3991 mihi
561 3953 623 3992 cum
635 3943 732 3992 noctes
745 3936 855 3990 induxit
868 3937 978 4006 Vesper
991 3951 1107 4004 amaras,

463 4025 543 4094 siqua
556 4026 653 4080 relicta
666 4026 765 4092 iacent,
779 4025 891 4078 osculor
904 4041 978 4079 arma
991 4029 1047 4078 tua.
1062 4053 1094 4062 -

427 4119 486 4167 tum
499 4130 601 4182 queror
614 4113 642 4166 iu
656 4118 716 4166 toto
731 4128 788 4166 non
801 4113 891 4167 sidere
904 4113 990 4181 pallia
1003 4114 1084 4180 lecto,

462 4202 533 4255 lucis
545 4207 574 4255 et
586 4207 713 4255 auctores
727 4217 783 4254 non
796 4201 862 4254 dare
875 4216 982 4262 carmen
997 4215 1077 4269 aves3

429 4289 559 4344 noctibus
572 4288 696 4343 hibernis
710 4290 861 4344 castrensia
874 4305 961 4357 pensa
974 4290 1073 4343 laboro

464 4382 494 4434 et
505 4377 591 4449 Tyria
603 4377 631 4431 in
644 4376 739 4432 radios
752 4376 856 4432 vellera
868 4383 944 4432 secta
957 4392 1031 4431 suos.
