3258 5168
744 483 783 549 13

209 662 249 729 de
265 663 295 727 b.
311 660 348 726 G.
364 661 418 746 IV,
435 665 475 727 33
489 668 588 743 primo
604 659 708 744 inquit
716 680 776 740 per
791 679 890 723 omues
901 667 1005 738 portes
1014 662 1207 738 perequitant
1222 666 1251 721 et
1265 659 1323 720 telo

208 774 354 834 comdant
376 779 465 848 utque
486 773 549 848 ipro
571 777 684 832 terrore
707 786 850 846 equorum·
871 776 900 828 et
922 769 1043 844 strepitu
1058 773 1191 828 rotarum
1207 769 1324 828 ordines

203 882 380 955 plerumque
395 878 514 938 micat
529 883 558 938 et
574 894 639 938 cum
660 893 693 937 rc
714 877 790 936 iuter
813 877 937 952 equitnm
961 881 1072 934 turmas
1093 875 1324 946 insinuaverunt,

208 1001 247 1046 ea
261 985 370 1044 esseda
385 985 518 1044 amount
534 988 562 1043 et
570 982 699 1060 peditur
706 983 906 1059 proeliantur.
936 976 1046 1057 itaque
1065 995 1137 1040 cum
1152 961 1325 1038 iuuenis

208 1084 361 1170 scriptum
382 1090 477 1168 esset,
501 1083 531 1150 U
547 1085 619 1151 visa
635 1090 685 1151 est
700 1084 751 1147 R.:
781 1082 822 1149 de
843 1100 907 1166 qua
922 1100 958 1146 re
975 1080 1029 1146 cir.
1046 1080 1217 1147 Ribbeckii
1233 1080 1325 1165 proll.
1452 1100 1453 1106 ¹

209 1191 307 1274 Verg.
324 1212 355 1276 p.
372 1193 445 1254 254.

296 1296 355 1361 His
371 1295 547 1380 adiungam
563 1316 618 1362 eos
635 1297 731 1379 locos,
751 1294 916 1378 inquibus
933 1314 992 1378 pro
1017 1292 1058 1356 M.
1081 1293 1190 1358 littera
1213 1311 1326 1358 exara-

208 1407 322 1468 verunt
337 1401 462 1466 librarii
479 1401 533 1483 U.;
559 1399 614 1467 eir.
631 1399 802 1465 Ribbeckii
818 1396 1016 1484 prollVerg.
1027 1401 1153 1483 pp.249
1171 1417 1218 1480 sq.
1264 1418 1326 1480 quo

166 1589 168 1592 .
207 1507 240 1571 in
255 1527 374 1590 genere
391 1507 530 1592 primum
546 1506 584 1590 V,
603 1512 617 1571 1
637 1528 667 1572 v.
685 1511 723 1570 71
743 1524 761 1570 e
778 1503 926 1571 codicum
946 1504 1106 1589 scriptura
1121 1503 1181 1568 hac
1197 1525 1253 1583 quo
1266 1511 1328 1568 ruis

207 1619 369 1694 inprudens
390 1634 467 1692 rope
497 1619 597 1676 dicere
621 1617 698 1690 fcto.
715 1617 852 1690 Properti
873 1609 1012 1676 restituit
1036 1608 1271 1675 Heimreichius
1293 1610 1350 1678 in.

208 1719 310 1803 symb.
327 1717 379 1802 ph.
395 1718 430 1782 B.
447 1740 477 1803 p.
494 1722 557 1783 647
580 1736 628 1799 sq.
650 1713 820 1781 scribendo
840 1737 935 1794 ruope.
981 1715 1065 1780 alter
1088 1721 1137 1780 cst
1159 1734 1273 1781 versus
1289 1714 1327 1800 V,

209 1828 238 1907 5,
254 1827 314 1907 293
336 1823 391 1888 ubi
414 1822 500 1906 quod
523 1821 615 1888 libris
638 1820 793 1886 traditum
816 1821 1001 1905 accepimus
1024 1832 1052 1885 et
1073 1827 1212 1885 amatore
1234 1827 1326 1885 cirum

202 1935 331 2009 petum
342 1934 421 2007 feeit
435 1934 510 2012 apto
527 1948 624 1994 sensu
640 1934 738 1994 curet.
783 1947 858 1992 nam
874 1913 1172 1992 utvi1iadventum
1189 1927 1327 2011 simulet,

208 2055 229 2098 a
243 2035 320 2100 lena
335 2034 501 2100 admoneri
518 2033 660 2119 puellam
684 2034 753 2099 iure
778 2033 911 2117 negavit
926 2031 1153 2098 Lachmannus
1177 2033 1327 2119 exposita

210 2141 367 2206 sermonis
383 2141 416 2204 in
433 2139 605 2206 simulandi
630 2139 729 2206 verbo
746 2138 985 2206 consuetudine.
1029 2158 1134 2221 neque
1157 2138 1328 2206 Herteber-

210 2247 283 2330 gius
306 2247 353 2311 ita
384 2246 468 2311 hunc
492 2246 597 2311 locum
628 2246 859 2331 interpretatus
883 2245 978 2328 quasi
1002 2243 1189 2310 adhortetur
1212 2246 1328 2310 mulier

209 2353 359 2438 puellam,
381 2359 416 2416 ut
439 2353 642 2419 simulatione
667 2372 707 2417 ex
729 2350 936 2418 adulescente
957 2351 1079 2416 lucrum
1103 2349 1210 2435 faciat,
1237 2351 1327 2434 quid-

209 2479 306 2541 quam
323 2457 468 2542 proiecit,
485 2459 636 2541 quoniam
656 2465 786 2539 pretium
804 2464 911 2537 fucere
933 2477 998 2521 non
1020 2455 1106 2522 idem
1130 2457 1219 2522 valet
1242 2455 1328 2540 quod

213 2574 364 2644 poectum
376 2571 491 2642 fucere5
508 2563 568 2630 sed
591 2570 647 2629 aut
662 2563 837 2630 venditoris
862 2569 918 2629 aut
940 2563 1093 2648 emptoris
1117 2568 1167 2628 est
1189 2563 1328 2648 pretium

213 2670 308 2735 alicui
333 2670 381 2734 rei
405 2670 640 2752 constituentis;
670 2669 725 2736 cfr.
748 2670 852 2734 Plaut.
877 2668 965 2734 Pers.
982 2669 1036 2752 IV,
1054 2675 1082 2752 4,
1099 2673 1159 2752 375
1188 2668 1328 2733 Martial.

212 2776 236 2859 l,
258 2779 309 2858 85,
326 2780 344 2839 7
355 2795 362 2858 ;
390 2775 461 2840 Liv.
483 2775 603 2860 XXIV,
630 2782 685 2859 153
716 2774 851 2859 XXVII,
880 2780 918 2839 17
936 2773 1004 2856 fin.;
1034 2772 1098 2839 (iic.
1122 2795 1181 2859 pro
1206 2773 1329 2850 Quinct.

217 2886 264 2964 15,
281 2884 331 2944 20.
385 2881 477 2946 abest
499 2901 602 2966 prope
626 2880 666 2945 ab
690 2880 895 2964 Hertnbergii
920 2881 1079 2946 sententia
1103 2879 1189 2963 quod
1220 2879 1330 2946 dicunt

213 2993 459 3067 operaepretium
473 2994 588 3070 focae,
608 2985 667 3052 sed
682 2986 716 3050 id
732 2993 842 3052 tamen
858 2986 971 3052 ecdem
988 2985 1328 3072 modcfexplicandum.

212 3090 313 3174 quid?
352 3090 495 3175 quodid
520 3092 626 3178 ipsum
651 3093 768 3158 evincit
788 3093 1007 3159 accusativum
1030 3093 1120 3158 velut
1142 3099 1234 3157 uirum
1258 3113 1329 3158 cum

211 3198 267 3262 illa
283 3199 444 3284 locutione
463 3199 612 3283 coniungi
628 3220 691 3264 non
707 3219 811 3284 posse.
836 3234 838 3239 .
857 3199 967 3281 itaque
983 3199 1080 3264 etiam
1097 3198 1135 3283 V,
1155 3205 1181 3283 1,
1195 3203 1233 3264 81
1252 3219 1331 3264 aare

205 3311 335 3385 pretium
347 3311 534 3387 feceredeoa
551 3324 646 3386 quem
656 3305 761 3371 locum
779 3305 910 3370 contulit
924 3305 987 3387 ille,
1004 3310 1171 3389 corruptus
1188 3311 1237 3370 est
1253 3305 1329 3371 scri-

211 3409 417 3493 bendumque
436 3432 514 3475 nuuc
523 3417 653 3491 pretium
666 3416 771 3489 fecere
784 3417 846 3476 deis
855 3411 875 3474 i.
892 3431 918 3475 e.
935 3410 1071 3492 singulis
1088 3410 1158 3476 deis
1175 3411 1329 3494 astrologi

211 3537 304 3582 suum
313 3516 544 3582 constituerunt
559 3517 707 3600 pretium,
723 3537 785 3600 quo
802 3517 905 3582 soluto
922 3514 1017 3581 deum
1027 3523 1149 3582 eertum
1166 3515 1328 3598 quendam

212 3641 372 3707 apparere
389 3622 624 3688 sciscitantibus
640 3622 843 3689 mentiuntur.
875 3621 961 3704 quod
970 3642 1040 3694 cum
1049 3622 1096 3685 ita
1104 3622 1155 3704 sit,
1171 3641 1212 3685 nc
1221 3626 1329 3686 nostro

212 3726 343 3810 quidem
359 3727 428 3793 loco
444 3734 537 3792 uirum
551 3748 668 3793 nornen
684 3747 795 3794 sanum
806 3735 863 3793 est.
895 3727 953 3794 scd
963 3728 1065 3793 suasit
1081 3728 1151 3794 sine
1161 3726 1329 3793 dubiovir-

211 3833 278 3916 gini
285 3832 448 3915 Acanthis,
457 3840 492 3898 ut
506 3833 719 3900 cunctando
729 3834 847 3899 Veneri
856 3835 960 3899 maius
968 3833 1107 3918 pretium
1115 3834 1331 3915 constitueret,

210 3937 332 4002 lucrum
353 3945 495 4021 augeret.
549 3960 631 4021 quae
653 3940 813 4005 sententia
836 3939 1008 4021 requiritur
1031 3959 1095 4003 non
1118 3939 1220 4004 solum
1242 3960 1271 4004 v.
1288 3944 1329 4004 30

210 4051 407 4110 muiorditoto
421 4055 505 4109 nocte
520 4057 655 4110 resumet
670 4067 761 4136 cruor,
778 4065 890 4111 verum
900 4045 998 4110 etiam
1007 4045 1116 4110 verbis
1125 4055 1208 4110 utere
1223 4052 1330 4129 courir,

211 4149 456 4216 adhortantibus
479 4151 544 4217 illis
572 4151 702 4235 quidem
727 4152 877 4236 puellam,
901 4157 935 4216 nt
954 4152 1063 4218 nescio
1088 4171 1172 4234 quae
1194 4151 1329 4238 impedi-

211 4262 321 4322 menta
339 4264 478 4324 excuset.
524 4256 606 4324 haec
623 4259 708 4324 enim
724 4259 812 4324 notio
829 4265 863 4322 ut
886 4259 920 4322 in
936 4257 1090 4325 causandi
1115 4259 1214 4324 verbo
1238 4259 1331 4343 inest,

210 4363 257 4428 ita
274 4364 370 4428 etiam
394 4364 428 4427 in
444 4383 561 4430 musae
585 4366 713 4430 numine
737 4364 825 4450 apud
841 4365 938 4448 Verg.
959 4365 1038 4430 Aen.
1055 4364 1108 4448 IV,
1125 4370 1184 4446 515
1211 4364 1326 4436 Tibull.
