3226 5162
462 682 490 735 in
510 680 583 735 libro
810 618 813 794 Ι
843 681 883 733 IV
917 619 920 792 ι
958 679 984 733 V
1053 681 1093 733 IV

312 861 385 914 inter
403 859 579 914 hexametros
605 899 789 913 .....
840 835 902 920 thirv
947 871 994 920 141

861 1107 863 1112 ,
966 1048 999 1098 11

966 1138 999 1186 11

968 1226 997 1275 11

967 1314 997 1362 *r

967 1402 995 1451 11

970 1492 997 1540 11

984 1580 999 1629 1

966 1667 999 1718 11
1066 1698 1072 1731 ,.

971 1757 998 1806 15

966 1847 999 1896 50

966 1935 997 1983 11

184 2497 245 2562 hac
262 2517 279 2562 1
295 2496 405 2561 tabula
428 2497 461 2560 in
484 2505 598 2580 quarto
621 2503 653 2562 et
676 2499 784 2580 quinto
809 2498 890 2564 libro
914 2500 1037 2585 pariter
1060 2497 1217 2584 praeferri
1241 2517 1297 2564 eas

154 2649 155 2654 1
184 2603 363 2668 hexametri
379 2602 499 2669 formas
515 2605 708 2688 perspicitur
731 2625 811 2686 quas
828 2604 966 2670 secundo
991 2606 1084 2678 tertio
1108 2611 1198 2672 sexto
1214 2624 1297 2669 nono

185 2708 353 2774 undecimo
370 2710 438 2774 loco
455 2710 664 2794 posuerimus.
710 2716 806 2793 atque
822 2710 903 2776 hae'o
920 2711 1129 2794 congruentia
1143 2731 1215 2774 cum
1232 2711 1297 2776 elu-

186 2821 257 2881 ceat
272 2816 305 2879 in
322 2817 368 2881 eis
384 2815 475 2881 libris
492 2816 546 2898 qui
563 2817 693 2880 minimo
710 2818 864 2902 temporis
886 2817 991 2902 spatio
1014 2817 1180 2883 interiecto
1204 2836 1296 2903 sepa-

185 2930 303 3005 rentur,
327 2928 451 2987 ceteros
467 2922 500 2986 in
516 2942 654 2987 examen
669 2943 784 2988 vocare
808 2944 889 3008 opus
904 2944 968 2988 11111
989 2930 1054 3006 111;
1080 2944 1154 2988 narn
1171 2923 1298 2988 etiarnsi

185 3028 363 3094 interillos
387 3034 419 3092 11
443 3027 558 3092 librum
583 3029 725 3110 quintum
750 3034 838 3094 certa
861 3029 1046 3096 discrimina
1068 3030 1305 3114 invenirentur,-

185 3133 265 3199 haec
281 3141 389 3200 tamon
413 3132 506 3199 facile
524 3135 759 3219 explicarentur
782 3136 904 3202 maiore
920 3137 1074 3221 temporis
1091 3136 1196 3220 spatio
1213 3134 1297 3216 quod

185 3240 268 3305 inter
284 3247 435 3336 utrosque
450 3241 672 3326 interpositum
690 3249 746 3308 est.
792 3242 851 3308 sed
872 3244 957 3307 inter
973 3243 1030 3307 hos
1046 3243 1144 3308 etiam
1161 3240 1297 3306 eandem

187 3347 448 3431 aequabilitatem
465 3349 631 3413 observari
648 3347 835 3413 confirmant
850 3347 1056 3431 Hertzbcrgii
1069 3349 1085 3411 Ι
1100 3369 1131 3433 p.
1151 3352 1212 3414 182
1229 3348 1296 3411 ani-

186 3455 437 3522 madversiones.
475 3455 503 3520 is
520 3453 605 3518 enim
623 3453 795 3520 adseverat
811 3454 854 3519 ad
870 3455 1049 3520 secundam
1059 3461 1201 3520 nostram
1218 3452 1296 3537 figu-

187 3581 254 3626 ram
271 3562 305 3626 in
322 3561 403 3626 libro
419 3561 523 3646 primo
548 3581 587 3625 ex
603 3560 799 3650 hexametris
816 3565 878 3626 353
896 3559 998 3626 factos
1016 3581 1087 3626 esse
1103 3549 1222 3625 versus
1233 3564 1292 3642 583

186 3669 219 3732 in
235 3667 374 3732 secundo
390 3667 546 3750 tertioque
563 3651 881 3742 11111111111111111681
904 3687 1016 3732 versus
1034 3672 1109 3732 116:
1131 3686 1209 3750 ergo
1224 3665 1298 3731 huic

187 3781 313 3840 sextam
329 3779 454 3857 partem
471 3774 623 3840 attribuit
654 3773 696 3837 ad
713 3774 840 3838 tertiam
849 3780 955 3838 autem
972 3772 1069 3837 refert
1084 3772 1298 3838 conformatos

188 3900 260 3945 1111
275 3879 309 3944 in
331 3879 412 3944 libro
433 3880 537 3965 primo
555 3886 595 3945 47
613 3901 733 3962 versus,
758 3880 791 3943 in
814 3879 895 3944 libro
917 3878 1056 3944 secundo
1080 3877 1238 3960 tertioque
1256 3882 1295 3942 74

187 4005 318 4052 versus:
340 3984 394 4069 qui
408 3986 441 4051 in
456 3987 511 4051 illo
527 3985 608 4052 libro
625 3993 781 4070 octavam,
797 3987 830 4051 in
844 3985 893 4050 his
909 4005 1025 4049 nonam
1043 3983 1183 4050 omnium
1199 3983 1297 4048 hexa-

187 4100 359 4158 metrorum
377 4099 501 4176 partem
519 4091 666 4158 efficiunt.
696 4099 868 4177 praetcrea
883 4092 937 4173 qui
953 4091 995 4156 ad
1012 4096 1134 4156 sextam
1152 4109 1297 4156 normam

189 4198 308 4264 conditi
324 4199 396 4283 sint,
413 4219 468 4265 eos
484 4199 517 4263 in
532 4198 581 4264 his
597 4199 687 4265 libris
698 4219 832 4264 numero
845 4219 908 4263 non
917 4198 1050 4262 multum
1059 4197 1180 4263 distare
1188 4202 1298 4260 narrat

188 4304 228 4370 ab
246 4305 355 4388 eisqui
371 4306 497 4384 tertiam
514 4313 697 4389 sequantur.
727 4306 866 4371 rariores
880 4312 995 4370 autem¹
1006 4323 1077 4372 1111
1093 4303 1297 4368 hexametros

1119 4397 1136 4458 7
