3258 5168
791 393 808 454 7

243 587 337 651 quem
354 588 425 632 oum
439 568 478 631 N.
488 587 687 633 communem
704 566 802 632 habet
817 566 890 650 ipso
899 565 1079 651 descriptus
1087 586 1151 630 non
1160 572 1217 649 est,
1233 565 1357 650 possint

241 673 503 758 interpolationes
533 674 648 756 quibus
671 674 850 738 maculatus
874 680 923 738 est
946 672 1112 756 proiectae
1146 692 1218 738 esse
1246 692 1266 734 a
1289 693 1355 736 uor-

241 785 364 846 reetore
380 779 518 860 quodam
535 786 664 845 versato
680 780 735 844 illo
760 780 794 843 in
809 779 890 844 libro
907 778 1015 860 aliquo
1036 777 1090 860 qui
1106 778 1189 843 inter
1205 778 1353 862 archety-

241 907 317 970 pum
338 891 370 950 et
399 885 506 970 ipsum
530 883 567 949 G.
591 885 798 970 interpositus
823 884 873 949 sit.
919 903 1003 965 quae
1033 890 1142 948 tamen
1173 883 1356 950 oonieotura

240 989 396 1056 refellitur
413 990 542 1056 minutis
559 990 605 1056 eis
622 991 811 1075 corruptelis
827 1009 910 1073 quae
927 988 1056 1054 nunoG.
1073 997 1104 1056 et
1121 991 1160 1054 N.
1170 1009 1354 1055 communes

241 1103 329 1178 sunt;
357 1095 430 1160 illas
447 1097 531 1162 enim
547 1117 618 1162 uum
635 1103 793 1162 oorreetor
808 1097 870 1162 iste
886 1094 1007 1160 doctior
1022 1095 1056 1159 in
1072 1095 1253 1181 exemplari
1269 1094 1354 1161 unde

241 1200 420 1286 descriptus
437 1207 485 1268 est
493 1200 531 1266 (i.
540 1203 609 1268 sine
625 1201 721 1268 dubio
736 1208 768 1268 et
782 1203 872 1287 ipsas
889 1201 1077 1284 sustulisset,
1092 1203 1217 1266 nunoin
1229 1203 1296 1268 solo
1306 1203 1353 1285 N,

240 1328 304 1373 non
319 1309 353 1372 in
369 1306 405 1372 G.
417 1308 645 1374 inveniremus.
676 1299 760 1390 quae
777 1328 848 1372 eum
863 1307 911 1372 ita
926 1307 997 1391 sint,
1014 1312 1115 1373 restat
1129 1313 1209 1373 utet
1223 1306 1301 1372 Get
1317 1307 1355 1372 N.

241 1421 409 1496 utrumque
426 1433 466 1478 ex
483 1412 596 1480 eodem
612 1414 788 1498 archetypo
805 1433 908 1496 eoque
930 1414 1031 1479 variis
1052 1413 1242 1478 oonieeturis
1258 1414 1354 1478 inter-

241 1519 456 1605 polationibus
471 1520 766 1605 interpretamentis
782 1519 884 1585 obsito
893 1519 1090 1604 interpositis
1100 1519 1172 1585 aliis
1182 1520 1271 1584 libris
1281 1518 1355 1584 duo·

240 1633 306 1691 tum
322 1626 475 1708 dieamus,
498 1623 556 1690 sed
579 1625 624 1690 ita
648 1632 682 1691 ut
705 1625 732 1692 is
756 1626 906 1690 librarius
930 1625 1019 1691 ouius
1043 1646 1125 1710 opus
1148 1625 1300 1710 repetivit
1318 1624 1354 1690 G.

241 1733 385 1817 pluribus
401 1731 480 1796 loeis
497 1751 592 1813 quam
610 1732 692 1796 alter
708 1753 802 1814 quem
827 1736 953 1798 seeutus
978 1738 1027 1798 est
1043 1733 1082 1796 N.
1106 1731 1306 1796 oonieoturas
1323 1736 1356 1797 et

241 1837 502 1923 interpolationes
525 1837 692 1921 reoeperit.
740 1845 771 1903 et
802 1838 876 1903 hino
906 1836 1036 1920 quidem
1068 1837 1150 1902 bene
1175 1837 1354 1922 explicatur

241 1942 326 2027 quod
342 1942 576 2008 Heimreiehius
597 1949 721 2025 quaest.
745 1942 891 2027 Propert.
908 1965 938 2029 p.
957 1950 976 2008 4
992 1943 1035 2007 ad
1051 1944 1107 2027 III,
1132 1947 1183 2026 26,
1211 1948 1249 2008 19
1266 1943 1300 2007 in
1317 1942 1354 2007 G.
1382 1964 1386 1969 ·
1442 2000 1444 2004 ,

240 2048 355 2115 eadem
371 2068 469 2113 manu
484 2047 681 2133 adsoriptum
705 2048 804 2114 refert
827 2055 896 2114 atii:
912 2060 1015 2132 ponto,
1039 2048 1188 2132 quodque
1211 2048 1244 2114 in
1260 2050 1299 2114 N.
1316 2048 1354 2114 (i.

239 2155 277 2239 V,
298 2161 316 2219 5
334 2161 409 2233 ante
424 2176 454 2220 v.
472 2159 511 2218 55
529 2159 661 2240 propter
677 2153 776 2219 Ooam
792 2159 916 2220 vestem
932 2154 1062 2238 repetiti
1079 2160 1152 2219 sunt
1168 2175 1208 2220 ex
1224 2156 1249 2239 I,
1273 2161 1354 2222 2vv.

244 2267 269 2346 l,
286 2266 316 2325 2.
362 2281 442 2344 quos
457 2261 527 2325 iure
543 2261 711 2325 eiecerunt.
758 2280 833 2324 nam
849 2261 877 2326 si
892 2261 967 2326 lena
982 2260 1115 2326 irrisura
1131 2267 1201 2326 erat
1216 2261 1353 2347 Proper-

239 2366 328 2452 tium,
347 2373 382 2432 ut
401 2366 524 2432 Jaeobo
540 2366 817 2449 Hertzbergioque
833 2366 969 2450 videtur,
997 2366 1103 2450 potius
1127 2367 1216 2432 velut
1231 2368 1288 2451 III,
1315 2371 1353 2433 16

240 2495 290 2540 vv.
304 2480 341 2539 15
358 2493 428 2556 sqq.
444 2473 559 2555 quibus
575 2493 691 2539 revera
706 2472 830 2538 amioae
847 2493 905 2558 pro
915 2473 1052 2557 peounia
1066 2491 1178 2538 versus
1187 2471 1243 2537 dat
1251 2478 1356 2558 poeta,

237 2579 393 2645 laudabat
416 2599 513 2662 quam
535 2579 593 2644 hos
616 2579 671 2661 qui
694 2578 855 2644 luxuriam
879 2585 990 2643 notant
1018 2578 1199 2644 mulierum.
1244 2578 1355 2661 itaque

239 2685 439 2769 Groningani
469 2684 695 2770 posthabenda
718 2691 767 2750 est
797 2685 971 2752 auotoritas
1003 2684 1218 2768 Neapolitano
1250 2703 1356 2768 neque

239 2801 347 2858 tamen
363 2812 493 2877 prorsus
509 2791 688 2857 abicienda.

326 2899 396 2962 Iam
417 2917 495 2963 vero
512 2917 552 2962 ex
566 2897 744 2983 arohetypo
761 2903 827 2962 tam
844 2904 992 2982 corrupto
1009 2897 1117 2962 omnia
1133 2902 1355 2982 eorrupte-

238 3001 366 3067 larum
383 3022 540 3086 genera
555 3003 670 3085 quibus
679 3004 804 3070 soleant
811 3003 940 3068 obnoxii
954 3022 1026 3069 esse
1041 3001 1167 3068 oodiees
1182 3002 1355 3068 innostros

239 3128 365 3191 quoque
382 3115 417 3174 ut
434 3116 682 3175 consentaneum
699 3117 748 3175 est
763 3115 947 3194 propagata
964 3129 1036 3174 esse
1060 3109 1172 3194 paucis
1197 3110 1355 3195 exemplis

239 3214 415 3281 illustrabo.
433 3251 475 3260 -
499 3234 562 3298 age
579 3235 666 3300 vero,
690 3216 829 3301 primum
847 3214 1037 3298 singulas
1059 3235 1185 3280 voees
1202 3214 1354 3301 depra-

238 3328 355 3388 vatas
377 3320 592 3387 emendemus.
639 3341 774 3403 quarum
798 3343 869 3388 eum
892 3322 1005 3388 variae
1031 3321 1183 3388 eveniant
1204 3323 1355 3406 rationes,

238 3446 302 3490 nna
322 3433 371 3492 est
387 3447 451 3508 qua
467 3428 588 3493 similes
611 3428 738 3494 litterae
755 3429 804 3494 bis
826 3426 1010 3494 exarandae
1027 3428 1128 3493 semel
1152 3434 1276 3493 tantum
1299 3428 1354 3494 de-

236 3533 343 3618 pietae
363 3540 443 3600 sunt
489 3533 536 3598 ita
556 3540 684 3600 exstant
708 3534 742 3598 in
762 3535 801 3599 N.
821 3533 859 3599 (i.
884 3535 921 3620 V,
949 3540 974 3618 l,
997 3538 1037 3600 33
1055 3534 1137 3600 haee
1154 3533 1354 3600 URBEVlO·

237 3638 323 3704 LAE
342 3660 400 3724 pro
417 3638 466 3705 his
483 3639 825 3724 URBEBOVILLAE,
841 3646 908 3704 lum
929 3639 963 3704 in
984 3641 1023 3704 N.
1038 3639 1077 3724 V,
1102 3645 1130 3724 3,
1160 3647 1171 3704 l
1199 3639 1259 3706 hoo
1281 3641 1354 3706 HA·

237 3744 439 3810 RETHUSA
455 3746 571 3830 prohis
585 3744 700 3810 HAEC
716 3745 957 3812 ARETHUSA.
985 3744 1197 3829 similiterque
1213 3747 1250 3830 V,
1271 3754 1296 3830 l,
1315 3751 1353 3812 19

237 3870 309 3914 oum
338 3872 396 3935 pro
425 3851 473 3918 eis
504 3871 587 3934 quae
618 3873 742 3918 summo
770 3853 840 3917 iure
863 3852 1007 3937 reposuit
1029 3851 1256 3918 Lachmannus
1280 3852 1355 3916 AN-

136 4037 140 4044 ,
236 3955 586 4023 NUAATAOOENSO
603 3957 683 4024 haeo
706 3958 827 4042 seripta
852 3963 959 4023 essent
974 3958 1129 4023 ANNUA
1149 3955 1355 4042 ACCENSO,

237 4067 350 4146 postea
373 4067 408 4126 ut
431 4081 543 4130 versus
567 4070 667 4130 staret
690 4064 884 4149 interpolata
908 4070 1037 4144 estque
1062 4063 1229 4149 partiuula.
1275 4063 1355 4130 haeo

237 4172 345 4231 autem
362 4168 513 4252 exempla
528 4176 655 4235 secutus
671 4171 882 4236 suoourrerim
892 4170 928 4254 V,
944 4175 973 4254 2,
989 4175 1048 4236 39:
1070 4171 1124 4236 ubi
1134 4189 1218 4252 quae
1228 4169 1354 4235 uodioes

237 4273 390 4338 exhibent
399 4286 555 4354 pastorem
571 4281 614 4339 ud
626 4280 759 4340 bueumm
772 4297 890 4356 porrum
906 4296 1016 4340 rurore
1030 4276 1108 4340 satis
1126 4275 1283 4360 explicari
1299 4275 1354 4341 vix
