3258 5168
731 475 772 536 27

196 643 349 710 adauctas
367 653 551 731 exponeret.
596 647 679 713 hano
699 648 784 713 enim
801 647 893 711 huius
918 648 1045 730 elegiae
1062 647 1219 712 rationem
1237 668 1308 713 esse

195 771 253 836 pro
278 758 363 816 certo
387 771 425 816 eo
449 753 682 836 comprobatur,
712 753 796 834 quod
828 754 951 838 templa
978 753 1186 836 institutaque
1210 774 1310 839 parea

196 875 280 938 quae
310 863 405 922 antea
430 865 521 924 erant
545 865 578 924 ot
601 859 715 925 eadem
739 858 1056 942 magnificentissima
1084 860 1197 942 quibus
1227 879 1311 925 nuno

194 962 297 1028 Roma
312 969 424 1029 ornata
448 972 497 1031 est
516 987 567 1031 vv.
588 969 706 1030 1-32
731 972 914 1031 eonstanter
937 967 1019 1031 inter
1040 986 1075 1031 se
1099 972 1309 1050 opponuntur.

195 1067 312 1135 deinde
327 1071 455 1136 etiarnsi
470 1071 565 1137 huius
580 1072 767 1138 inerementi
783 1093 897 1138 causas
906 1092 1033 1155 quoque
1048 1079 1184 1154 tangere
1200 1071 1310 1154 voluit,

194 1182 302 1240 tamen
319 1175 369 1242 hio
385 1175 465 1241 illud
481 1184 580 1242 totum
598 1196 638 1242 ex
654 1178 727 1262 ipsa
734 1179 839 1261 gentis
849 1178 1013 1244 Romanae
1029 1178 1136 1244 indole
1150 1183 1182 1242 et
1197 1183 1310 1242 natura

195 1301 258 1346 una
273 1289 376 1348 ortum
393 1303 466 1349 esse
483 1282 568 1348 dieit.
599 1284 742 1350 ouiusrei
758 1284 983 1350 documentum
1000 1289 1073 1350 sunt
1089 1305 1140 1349 vv.
1150 1289 1189 1347 55
1205 1303 1267 1366 sq.:

397 1396 504 1470 optimu
519 1397 663 1455 matricem
679 1397 786 1456 ausimo
802 1399 873 1470 lupa
889 1396 1002 1454 Martio
1018 1395 1113 1472 rems,

468 1503 570 1576 qualia
586 1508 744 1562 creveram
758 1503 873 1562 mnemia
890 1504 967 1560 laete
982 1508 1039 1560 luo.

194 1601 258 1665 iam
284 1613 359 1666 vero
385 1602 523 1667 extrusis
547 1601 606 1686 his,
630 1601 802 1685 dequibus
827 1602 1020 1686 quaerimus,
1044 1601 1189 1667 versibus
1214 1621 1309 1682 quam

195 1707 276 1771 bene
293 1708 484 1773 conveniant
508 1729 559 1773 vv.
576 1712 617 1772 37
635 1730 682 1790 sq.
699 1716 731 1774 et
746 1729 798 1773 vv.
816 1713 855 1772 55
874 1729 920 1790 sq.
943 1727 1038 1773 nemo
1058 1728 1121 1772 non
1146 1707 1250 1772 sentit.
1269 1745 1309 1754 -

195 1832 278 1895 quae
294 1833 366 1878 oum
381 1813 427 1878 ita
442 1814 514 1896 sint,
539 1834 668 1880 oarmen
689 1815 827 1899 primum
852 1813 937 1896 quod
961 1813 1062 1880 fertur
1084 1815 1146 1878 tria
1170 1813 1311 1878 eontinet

195 1919 345 1984 earmina.
397 1919 536 2002 primum
561 1942 612 1985 vv.
641 1923 759 1985 1-38
784 1927 816 1984 et
844 1927 884 1984 55
898 1924 990 1983 -70
1015 1920 1229 2005 perscriptum
1253 1925 1310 1984 est.

195 2025 327 2090 alterius
342 2024 499 2090 habemus
522 2025 602 2090 haee
618 2024 791 2108 fragmina:
821 2045 872 2090 vv.
897 2029 1060 2108 39-543
1090 2029 1141 2107 87,
1158 2029 1217 2106 883
1251 2029 1310 2089 169

196 2167 236 2178 -
256 2135 334 2196 118:
363 2151 497 2212 quorum
515 2125 600 2212 qirod
621 2130 717 2197 tuerit
740 2137 964 2214 argumentum
988 2138 1102 2215 postea
1124 2131 1310 2214 diligentius

194 2235 429 2319 indagabimus.
474 2237 604 2302 tertium
621 2242 751 2322 praeter
766 2238 885 2302 omissa
901 2238 1053 2302 nonnulla
1069 2236 1310 2321 comprehendit

195 2363 246 2407 vv.
273 2346 435 2424 71—803
472 2346 657 2425 89-1025
690 2347 865 2426 119,120;
907 2346 1110 2425 rue-1083
1142 2347 1305 2424 81-86;

200 2451 254 2510 121
273 2485 305 2494 ο
324 2452 394 2512 166.
440 2456 538 2530 atque
561 2449 641 2514 haee
665 2448 794 2530 quidem
819 2469 859 2514 ex
883 2448 995 2515 ordine
1018 2450 1051 2513 in
1074 2455 1239 2534 posterum
1260 2448 1310 2513 his

194 2553 276 2618 notis
301 2553 517 2638 signabimus:
554 2555 592 2638 V,
619 2561 671 2638 la3
706 2556 743 2639 V,
768 2556 820 2638 1b;
857 2555 895 2640 V,
922 2561 966 2621 lo.
1012 2554 1071 2622 sed
1094 2554 1134 2622 de
1158 2555 1207 2622 his
1231 2555 1310 2622 satis

97 2739 102 2746 Ι
195 2657 344 2724 diximus.

281 2765 353 2848 Age
369 2785 447 2832 vero
463 2767 610 2833 similiter
626 2787 644 2834 e
661 2788 757 2834 oarm.
774 2768 811 2852 V,
828 2773 848 2832 6
872 2767 1033 2834 eximendi
1057 2774 1131 2834 sunt
1147 2780 1198 2833 vv'.
1218 2773 1254 2832 11
1273 2804 1310 2814 -

194 2875 245 2956 68,
260 2880 295 2937 ut
311 2873 475 2956 singulare
492 2872 532 2939 de
541 2873 698 2958 Apollinis
706 2875 847 2939 Palatini
864 2876 985 2960 templo
1002 2873 1143 2940 efficiant
1159 2893 1304 2956 earmen3

193 2987 227 3044 at
242 3001 293 3045 vv.
314 2986 381 3044 1—
395 2984 433 3045 10
458 2987 491 3045 et
514 3001 565 3045 vv.
583 2985 727 3047 69-86
744 2987 841 3066 poeta
865 2982 957 3047 bellis
982 2981 1153 3046 eelebratis
1176 2980 1243 3046 iam
1267 2978 1310 3044 ad

193 3085 344 3152 laetiores
360 3105 412 3152 res
428 3085 590 3151 oanendas
610 3105 683 3152 sese
700 3087 841 3151 animum
858 3086 1095 3172 applicaturum
1121 3106 1193 3153 esse
1217 3084 1310 3172 profi-

194 3196 287 3257 tetur.
332 3190 391 3258 sed
415 3192 492 3274 quin
516 3191 658 3258 earmina
680 3192 798 3258 bollioa
821 3213 905 3276 quae
926 3193 1073 3258 omittere
1096 3213 1131 3258 se
1156 3193 1266 3258 scribit
1281 3214 1311 3256 v.

194 3303 235 3363 69
260 3298 380 3382 scripta
403 3297 521 3364 fuerint
551 3297 592 3362 de
619 3298 712 3364 bellis
744 3299 785 3364 ab
817 3299 963 3382 Augusto
987 3299 1099 3382 gestis,
1122 3297 1246 3363 duabus
1270 3296 1310 3362 de

195 3404 302 3470 oausis
319 3403 451 3469 dubium
468 3423 540 3471 esse
560 3405 617 3470 uix
634 3410 747 3489 potest.
793 3425 932 3487 namque
957 3406 1039 3470 inter
1063 3425 1103 3472 ea
1119 3410 1311 3487 argumenta

195 3530 278 3592 quae
310 3510 383 3575 aliis
415 3511 518 3594 poetis
550 3510 695 3577 canenda
726 3511 812 3576 oedit
849 3512 930 3578 haee
959 3512 1033 3598 ipsa
1064 3517 1232 3576 enumerat
1259 3532 1310 3574 vv.

195 3621 235 3682 77
253 3638 339 3699 sqq.:

374 3730 422 3789 ille
430 3731 597 3805 paludosos
611 3736 750 3790 memoret
763 3732 875 3790 servire
890 3730 1077 3808 Sycambros,

413 3837 557 3911 Cepheam
580 3837 628 3896 bie
643 3839 765 3898 Meroen
781 3839 931 3912 fereeque
945 3853 1040 3911 reema
1055 3844 1154 3914 camur,

374 3943 422 4001 bie
436 3943 550 4015 referat
564 3959 630 4002 sero
646 3945 812 4016 consessum
824 3945 950 4015 foedere
965 3942 1116 4002 Parthum.

193 4041 309 4108 deinde
330 4050 422 4108 motor
437 4050 539 4122 Apollo
563 4066 591 4109 v.
609 4049 650 4110 69
675 4065 722 4128 sq.
747 4043 833 4109 haud
856 4043 953 4110 dubie
977 4043 1010 4108 in
1033 4041 1223 4108 memoriam
1247 4044 1311 4109 vio-

193 4149 295 4214 toriae
318 4148 470 4215 Aetiaeae
493 4158 760 4218 oommemoratus
785 4158 834 4218 est
857 4172 954 4234 quam
977 4151 1071 4216 huius
1094 4149 1234 4214 maxime
1259 4148 1312 4215 dei

81 4289 92 4314 .
193 4255 313 4319 auxilio
330 4262 478 4340 paratam
496 4274 568 4322 esse
584 4257 707 4340 antiqui
724 4263 840 4342 poetae
857 4277 956 4344 saepe
965 4258 1115 4339 scribunt,
1132 4257 1221 4320 velut
1233 4257 1321 4320 Ver·

193 4362 290 4446 gilius
306 4364 386 4428 Aen.
405 4363 490 4450 7111,
509 4368 570 4428 704
588 4385 671 4448 sqq.:
