3226 5162
722 477 759 542 ol

256 649 282 706 d.
295 651 347 705 Est
359 650 441 706 etiam
455 651 568 720 aurigae
581 652 689 720 species
702 653 880 720 Vertumnus,
894 651 1004 716 eteius,

326 740 419 794 traicit
431 741 538 795 alterno
552 741 600 808 qui
613 740 674 795 love
693 740 804 808 pondus
818 755 906 808 equ03

290 834 424 897 suppetat
435 829 496 897 hoc,
510 829 601 896 pisces
614 829 719 882 calamo
733 828 899 896 praedabor,
913 835 942 883 et
953 829 1001 883 ibo

325 918 444 972 mundus
458 917 584 973 demissis
598 917 711 970 institor
724 917 752 970 in
765 915 877 971 tunicis.
892 947 922 956 -—

289 1011 431 1075 pastorem
450 1006 486 1060 ad
503 1006 633 1060 baculum
650 1021 765 1074 possum
784 1004 922 1072 simulare,
941 1007 986 1060 vel
1006 1006 1078 1061 idom

325 1093 464 1162 sirpiculis
476 1094 568 1148 medio
582 1094 698 1162 pulvere
711 1093 783 1149 ferre
796 1107 896 1147 rosam.

243 1221 280 1271 al.
293 1217 339 1272 Sic
351 1217 425 1284 mihi,
445 1217 522 1285 quod
539 1217 642 1271 formas
660 1234 732 1271 unns
751 1217 881 1272 vertebar
899 1217 928 1270 in
942 1233 1046 1285 omnes,

324 1321 425 1360 nomon
438 1306 473 1360 ab
487 1312 589 1360 eventu
601 1306 693 1375 patria
705 1306 802 1375 lingua
815 1305 901 1361 dedit.

195 1468 239 1520 B¹.
252 1481 276 1519 a.
290 1467 327 1519 Et
339 1471 378 1532 tu,
392 1466 489 1531 Roma,
502 1465 571 1519 meis
585 1465 707 1519 tribuisti
721 1466 844 1534 praemia
856 1464 964 1532 Tuscis,

325 1554 398 1608 unde
410 1553 494 1608 hodie
506 1554 586 1608 ricus
599 1555 710 1608 nomina
722 1556 831 1609 Tuscus
844 1554 936 1622 habet,

289 1649 414 1711 tempore
428 1659 483 1711 quo
498 1643 582 1697 sociis
595 1643 672 1696 venit
684 1643 870 1712 Lycomedius
883 1642 966 1696 armis

325 1736 408 1800 atque
421 1730 525 1786 Sabina
536 1730 589 1785 fori
602 1731 731 1786 contudit
743 1746 818 1785 arma
830 1729 902 1784 Tati.

254 1855 280 1909 b.
294 1855 361 1908 Vidi
374 1871 427 1923 ego
440 1855 567 1909 labentes
581 1854 654 1909 acies
668 1860 696 1909 et
709 1855 765 1908 tela
778 1854 890 1922 caduca,

324 1948 408 2012 atque
421 1942 517 1997 hostes
531 1943 607 2012 turpi
621 1947 700 2011 terga
713 1943 824 1997 dedisse
837 1942 929 2011 fugae.

289 2031 340 2086 sod
352 2030 446 2099 facias,
460 2032 554 2086 divum
568 2037 653 2098 sator,
666 2037 698 2084 ut
710 2032 836 2085 Romana
849 2047 900 2099 per
912 2047 1012 2085 aevum

324 2125 448 2174 transeat
461 2125 525 2175 ante
538 2136 615 2175 meos
629 2120 712 2173 turba
725 2124 822 2187 togata
834 2119 929 2188 pedes.

195 2278 244 2333 A¹.
293 2278 348 2334 Sex
362 2284 496 2348 superant
507 2293 605 2332 versus
620 2279 670 2347 (te,
684 2278 732 2346 qui
745 2277 782 2331 ad
793 2277 953 2331 vadimonia
966 2278 1062 2344 curris,

325 2383 381 2420 non
394 2369 522 2435 moror.):
537 2366 605 2421 haee
618 2367 718 2435 spatiis
731 2365 829 2420 ultima
841 2370 914 2420 metu
927 2365 1003 2419 meis.

192 2527 226 2579 D.
289 2524 383 2593 Stipes
397 2541 513 2580 acernus
526 2541 608 2592 eram,
622 2524 786 2594 properanti
797 2524 867 2579 falce
882 2525 1002 2592 dolatus,

323 2619 388 2668 ante
402 2613 517 2668 Numam
530 2618 610 2681 grata
622 2628 731 2681 pauper
743 2613 772 2665 in
786 2613 854 2666 urbe
869 2613 945 2668 deus.
960 2645 993 2653 -

290 2709 320 2757 at
332 2702 392 2770 tibi,
406 2703 530 2770 Mamuri,
544 2700 649 2755 formae
662 2701 785 2754 caelator
798 2701 910 2769 ahenas,

323 2791 405 2844 tellus
419 2784 539 2843 artifices
553 2804 586 2843 ne
600 2793 673 2842 terat
686 2789 756 2843 Osca
769 2805 874 2856 manus,

286 2879 333 2947 qui
346 2893 388 2932 me
402 2884 457 2932 tam
471 2877 569 2931 docilis
583 2877 701 2945 potuisti
714 2876 830 2932 fundere
843 2877 872 2931 in
886 2894 961 2932 usus.

324 2983 408 3021 unum
422 2982 494 3034 opus
507 2970 558 3032 est,
580 2965 661 3035 operi
674 2982 730 3018 uon
743 2966 826 3019 datur
839 2982 911 3020 unus
924 2965 1023 3020 honos.

300 3249 451 3318 Carmen
467 3250 506 3315 Ic
523 3251 615 3331 quod
633 3250 726 3318 falso
744 3250 929 3332 Propertii
946 3268 1026 3317 esse
1043 3249 1174 3319 fertur.

189 3426 226 3482 A.
290 3426 368 3495 „Quo
382 3425 440 3480 ruis
453 3426 622 3496 imprudens,
636 3442 724 3495 mage,
738 3426 828 3481 dicere
842 3426 899 3480 feta
912 3424 1064 3494 Properti?
1258 3432 1289 3481 71

319 3530 378 3569 non
390 3519 456 3568 sunt
468 3515 503 3569 ah
517 3515 615 3570 dextro
629 3513 742 3568 condita
754 3509 801 3567 fila
814 3516 885 3568 colo.

285 3604 391 3658 aversis
404 3605 491 3658 musis
504 3608 615 3657 cantas:
630 3618 745 3657 aversus
759 3601 882 3671 Apollo:

320 3691 416 3762 poscis
429 3693 464 3746 ab
478 3692 567 3746 invita
580 3692 666 3747 verbs
679 3692 800 3760 pigenda
812 3691 900 3760 lyra.“

189 3850 238 3905 Aa
288 3851 370 3905 Certa
381 3849 468 3905 feram
481 3851 565 3906 certis
582 3850 759 3905 auctoribus:
779 3851 855 3905 haud
873 3867 925 3920 ego
945 3856 1025 3906 vates

319 3938 430 3993 nescius
444 3944 538 3993 aerata
551 3939 630 4007 signa
643 3954 755 3993 movere
768 3938 834 4008 pila.

282 4043 325 4081 mo
338 4033 414 4081 creat
426 4027 569 4099 Archytae
584 4028 697 4082 suboles
710 4027 885 4096 Babylonius
898 4028 1011 4095 Horops

319 4117 424 4184 Horon,
437 4121 466 4171 et
479 4132 495 4170 a
507 4132 614 4185 proavo
628 4115 712 4169 ducta
726 4115 840 4169 Conone
854 4116 962 4170 domus.

188 4275 220 4328 B.
247 4291 270 4329 a.
285 4275 321 4329 Di
333 4275 400 4329 mihi
413 4280 478 4330 sunt
490 4281 576 4331 testes
589 4291 647 4328 non
659 4276 844 4342 degenerasse
857 4275 1041 4345 propinquos,

320 4364 403 4433 inque
416 4365 484 4418 meis
497 4363 575 4418 libris
588 4363 627 4416 nil
640 4363 719 4433 prius
732 4377 793 4418 esse
806 4360 870 4420 fide.
