3258 5168
842 455 879 514 to

302 628 343 690 63
361 644 429 708 sqq.
447 645 519 690 eum
535 625 718 712 Pasiphaae
734 624 942 692 Andromeda
957 625 1161 711 respondeat,
1186 633 1254 692 tum
1271 626 1412 713 Clytem-

300 737 428 797 nestrae
436 731 606 798 manifesto
615 733 765 818 opposita
778 740 826 798 est
835 734 1078 818 Hypermestre,
1093 732 1166 818 ipsa
1174 734 1214 800 ob
1224 733 1257 798 id
1266 734 1414 819 inprimis

299 837 441 922 laudata,
455 838 539 922 quod
555 859 620 903 una
635 859 780 905 sororum
788 839 954 924 Lynoeum
963 839 1113 904 maritum
1121 860 1185 906 non
1200 838 1413 906 interfecerat.

300 943 409 1026 itaque
433 951 466 1008 ut
486 952 631 1030 stuprum
654 965 718 1011 non
742 944 1010 1040 Clytemestrae,
1032 944 1092 1011 sed
1112 946 1218 1031 potius
1234 945 1414 1032 Pasiphaes

301 1050 351 1114 oui
378 1051 482 1134 magis
510 1049 545 1115 id
568 1052 717 1117 eonvenit
747 1056 887 1137 aposta
906 1057 1109 1136 memoretur,
1131 1051 1288 1118 voeabula
1311 1056 1413 1120 nans-

302 1155 408 1241 posita
424 1157 539 1222 leniter
554 1157 601 1222 sio
615 1155 840 1224 reformemus:
1241 1147 1261 1174 ⁶

425 1268 507 1326 ancta
526 1267 760 1343 Clytemrrestram
784 1269 861 1329 nebit
875 1270 973 1328 altera
988 1272 1149 1342 stupreque
1167 1268 1288 1328 Cressae

542 1378 647 1449 portat
661 1376 797 1434 mentitae
813 1376 910 1449 lipara
925 1379 1055 1434 monstra
1071 1373 1158 1433 bobis.

299 1477 395 1555 atque
427 1473 593 1557 positionis
623 1475 730 1558 legem
757 1475 791 1538 in
820 1475 923 1560 stupri
946 1493 1025 1540 vooe
1051 1473 1231 1556 negleotam
1255 1476 1414 1561 exemplis

298 1576 437 1644 firmavit
451 1579 612 1645 Luoianus
628 1579 802 1646 Muellerus
826 1580 867 1646 de
883 1585 925 1646 're
948 1587 1040 1646 metr.
1063 1602 1093 1665 p.
1111 1583 1184 1646 318.
1229 1601 1313 1664 quae
1334 1601 1413 1667 prae

300 1685 415 1751 oeteris
432 1684 560 1768 quidem
576 1686 610 1750 in
626 1687 729 1771 primo
754 1693 785 1752 et
800 1687 997 1772 paenultimo
1013 1685 1192 1751 hexametri
1215 1686 1298 1771 pede
1324 1688 1413 1754 inve-

297 1791 436 1875 niuntur,
457 1789 516 1858 sed
538 1793 695 1856 tamenin
709 1793 782 1857 aliis
799 1793 897 1857 etiam
913 1789 1002 1877 apud
1016 1790 1126 1856 Horat
1143 1811 1238 1858 serm.
1253 1794 1293 1877 ll,
1312 1798 1341 1878 2,
1351 1798 1408 1860 36:

465 1931 506 1942 -
518 1918 665 1976 proceros
680 1904 776 1962 odere
790 1905 895 1979 lupar?
924 1905 995 1978 qaia
1009 1905 1120 1964 saliret
1134 1905 1191 1962 rua
1212 1935 1250 1946 -

299 2007 331 2066 et
345 2001 471 2067 Lueret.
488 2002 526 2086 V,
543 2008 602 2066 47:

386 2145 429 2154 -
445 2114 550 2188 padue
564 2112 703 2188 soperbia
717 2115 859 2188 spurcitia
875 2131 913 2174 aa
921 2115 1109 2190 petulantia?
1130 2120 1265 2189 quantas.
1284 2147 1325 2157 —

390 2213 418 2276 ll
433 2213 547 2279 litteris
564 2219 671 2279 autern
688 2216 890 2300 transpositis
914 2216 1096 2300 eorruptela
1111 2221 1182 2282 orta
1198 2234 1271 2282 esse
1286 2215 1413 2281 videtur

298 2320 336 2400 V,
359 2323 389 2403 l,
406 2324 456 2385 85.
502 2339 564 2401 quo
580 2320 614 2384 in
630 2341 725 2387 versu
742 2321 828 2404 quod
848 2321 948 2386 fertur
973 2327 1069 2386 omnia
1086 2325 1275 2402 praebebant
1297 2344 1412 2387 somnos

297 2445 368 2490 eum
384 2425 431 2489 ita
447 2431 570 2490 tantum
586 2426 792 2511 interpretari
802 2427 971 2511 possimus,
988 2433 1022 2491 ut
1038 2432 1123 2492 totus
1146 2407 1221 2492 testi
1237 2434 1412 2512 apparatus

298 2531 469 2616 ipsumque
490 2538 616 2616 tempus
633 2553 778 2598 somnum
800 2532 917 2598 afferre
933 2532 1086 2599 Romanis
1104 2531 1237 2617 dieatur,
1259 2532 1294 2597 id
1315 2535 1411 2599 etiam

298 2637 445 2703 versibus
463 2637 516 2720 qui
533 2638 676 2720 proxime
693 2637 886 2704 antecedunt
902 2638 1021 2703 dietum
1038 2636 1200 2721 videmus;
1229 2658 1333 2722 neque
1349 2660 1412 2705 non

297 2743 452 2809 sentimus
484 2744 589 2828 potius
621 2765 717 2808 unum
749 2743 864 2810 Jovem
897 2745 1087 2827 vigilantem
1118 2743 1264 2812 omnibus
1296 2746 1412 2811 oeteris

297 2869 408 2918 somno
431 2851 567 2935 sepultis
591 2850 813 2935 oppositurum
838 2849 937 2916 luisse
966 2856 1104 2935 poetam.
1162 2850 1290 2934 quade
1314 2871 1412 2917 eausa

296 2974 401 3038 neque
431 2976 502 3022 aum
533 2955 725 3023 Marklando
757 2963 854 3021 ornato
870 2960 1038 3037 praebebat
1064 2978 1181 3022 romara
1211 2976 1316 3040 neque
1340 2977 1412 3022 eum

298 3061 504 3127 Laohmanno
527 3069 625 3127 omar'a
642 3067 831 3144 praebebant
845 3070 937 3128 romei
951 3063 1096 3147 reoipere
1111 3062 1195 3146 lieet,
1219 3064 1412 3148 praesertim

298 3188 369 3233 oum
385 3167 447 3233 hae
464 3167 704 3236 emendationes
720 3168 886 3234 obsourius
902 3166 1032 3233 dieendi
1047 3187 1150 3250 genus
1160 3188 1240 3253 prae
1256 3189 1292 3234 se
1308 3167 1412 3234 ierant

297 3294 359 3356 quo
375 3295 434 3358 pro
450 3273 622 3339 securitate
637 3273 843 3359 appellantur
860 3281 965 3338 amata.
1011 3293 1124 3338 veram
1140 3273 1226 3338 viam
1246 3274 1412 3357 ingressus

297 3386 346 3445 est
361 3379 503 3446 Koohius
525 3381 559 3446 in
581 3380 683 3465 symb.
701 3379 753 3465 ph.
769 3381 805 3444 Β.
822 3402 851 3465 p.
869 3384 933 3444 328
957 3379 1123 3464 proposita
1146 3377 1208 3444 hae
1231 3380 1412 3446 oonieotura

296 3492 393 3552 amata
409 3491 563 3567 torpebant
576 3507 684 3551 romae.
731 3485 789 3550 sed
805 3506 826 3550 a
841 3485 959 3550 tradita
975 3485 1135 3570 seriptura
1151 3487 1260 3552 neseio
1281 3507 1323 3551 an
1339 3508 1411 3570 pro-

295 3593 368 3678 pius
385 3592 482 3658 etiam
498 3593 584 3657 absit
598 3591 657 3657 hoo
674 3598 771 3656 omnia
787 3596 950 3673 carpebant
964 3612 1087 3656 somnos.
1134 3598 1276 3658 aeterum
1294 3591 1335 3658 de
1352 3593 1412 3658 hae

296 3699 455 3766 loeutione
472 3698 526 3764 eir.
543 3698 638 3781 Verg.
656 3696 773 3781 Georg.
789 3699 841 3781 lll,
858 3702 921 3762 435
940 3704 972 3763 et
988 3718 1017 3762 a.
1033 3699 1052 3762 l.

384 3804 560 3871 Veniamus
576 3825 659 3870 nuno
683 3803 726 3868 ad
750 3824 804 3870 eos
827 3805 914 3870 looos
938 3805 993 3887 qui
1014 3805 1135 3872 omissa
1157 3803 1277 3869 lineola
1300 3824 1364 3886 qua
1379 3803 1412 3866 M

299 3911 406 3977 littera
421 3910 581 3976 indioatur
605 3910 775 3996 depravati
791 3916 872 3976 sunt.
918 3930 983 3992 qua
1005 3911 1188 3996 eorruptela
1209 3911 1338 3976 sublata
1361 3930 1411 3976 sa-

295 4023 453 4083 naverunt
469 4017 506 4101 V,
535 4022 582 4100 10,
600 4021 642 4082 36
658 4039 716 4101 pro
733 4036 771 4083 eo
788 4015 874 4098 quod
889 4016 963 4082 libri
977 4015 1106 4082 tradunt
1120 4023 1222 4097 produ
1233 4015 1411 4082 seribentes

294 4130 431 4202 practura.
479 4121 680 4205 eandemque
697 4121 890 4188 medisinam
905 4121 1125 4189 adhibendam
1143 4143 1215 4189 esse
1241 4141 1357 4190 censeo
1374 4121 1412 4207 V,

296 4235 325 4312 4,
341 4233 381 4293 72
396 4229 485 4294 ouius
502 4227 654 4293 traditam
664 4230 854 4312 seripturam
866 4235 994 4296 absarro
1006 4235 1411 4314 ferturopertarr‘aaapuro

296 4355 443 4400 sermone
460 4334 634 4402 abhorrere
649 4335 874 4402 Laohmanuus
890 4335 1064 4401 admonuit.
1096 4334 1155 4401 sed
1172 4335 1313 4421 eorrupit
1328 4335 1413 4400 huno
