3226 5162
745 385 787 451 55

211 559 308 626 fuisse
323 580 417 626 nemo
434 560 529 626 facile
545 561 662 628 credet.
677 633 681 642 ‚
700 561 783 626 hanc
797 568 905 627 tamen
922 561 1142 628 difficultatem
1157 563 1205 628 ita
1220 583 1322 628 remo-

209 687 286 732 vere
303 676 443 752 conatur,
467 675 502 732 ut
525 689 596 733 eam
620 668 798 734 ministram
815 648 939 733 tantum
963 676 995 734 et
1016 668 1181 734 custodem
1199 671 1323 734 amicae

209 773 333 838 voluta
349 774 471 857 potenti
487 774 542 839 illo
558 780 707 859 praetore
730 774 797 853 (cir.
815 795 910 839 carm,
926 775 950 858 1,
969 780 1005 856 83
1026 775 1083 858 ΙΙΙ,
1105 780 1161 847 16.)
1179 774 1322 840 additam

210 899 281 946 esse
297 879 441 944 coniciat.
487 886 521 944 at
536 901 556 944 a
571 881 628 945 tali
645 881 748 945 amico
772 901 847 944 num
869 880 1021 946 credibile
1038 888 1088 945 cst
1104 879 1274 965 Cynthiam
1290 881 1323 944 in

161 1029 166 1040 -
209 986 346 1070 pergula
361 985 466 1066 (clav.
477 990 530 1061 68)
548 995 710 1052 servatam
727 986 825 1053 esse?
842 1007 917 1050 num
927 985 1098 1071 Cynthiam
1107 987 1211 1071 ipsam
1225 988 1322 1051 talem

209 1091 385 1158 custodiam
402 1092 742 1158 toleraturamluisse?
774 1101 871 1175 atque
889 1094 916 1158 si
933 1099 1038 1158 custos
1047 1099 1170 1157 tantum
1187 1099 1243 1176 est,
1259 1113 1322 1157 non

208 1197 338 1263 domina
352 1199 476 1264 amicae
492 1199 615 1283 mulier,
631 1219 757 1264 curnon
772 1200 805 1263 in
813 1204 1055 1285 praepotentem
1065 1200 1171 1282 potius
1185 1200 1322 1263 amicum

208 1323 304 1386 quam
319 1305 353 1369 in
368 1304 457 1370 illam
473 1304 634 1369 invehitur
650 1304 772 1390 poeta?
803 1311 974 1390 praeterea
991 1305 1061 1385 quis
1078 1305 1183 1370 lenam
1202 1311 1233 1370 et
1250 1325 1321 1369 carn

207 1409 337 1492 quidem
354 1411 508 1496 potricem
524 1411 647 1476 amicae
663 1411 826 1477 custodem
836 1411 933 1478 faciet
949 1410 1011 1476 nisi
1027 1409 1185 1476 insanus?
1216 1430 1322 1491 neque

208 1535 285 1582 vcro
302 1537 353 1582 vv.
372 1522 408 1581 71
430 1537 492 1599 sq.:

282 1709 286 1716 ,
402 1650 430 1704 et
443 1647 526 1705 canis
540 1648 571 1706 in
585 1613 700 1706 noetros
714 1648 797 1706 mnis
813 1652 988 1720 experrecta
1005 1647 1129 1722 dotores,

439 1769 504 1811 cunr
515 1753 653 1825 fallenda
668 1768 730 1813 neco
740 1755 850 1827 pollice
864 1755 961 1812 clatra
974 1753 1076 1825 forent

112 1915 117 1926 x
205 1870 237 1934 in
261 1869 341 1935 hanc
364 1872 556 1936 sententiam
579 1872 641 1936 nisi
661 1871 693 1937 vi
718 1872 851 1936 contorti
876 1869 959 1936 trahi
982 1877 1123 1954 possunt.
1170 1870 1197 1934 si
1220 1869 1321 1934 libero

205 1977 311 2041 animo
328 1977 484 2060 leguntur,
501 1979 641 2062 puellam
659 2000 678 2043 a
694 1977 824 2044 domina
832 1979 884 2043 vel
900 1983 1003 2042 matre
1017 1978 1050 2040 in
1065 1977 1202 2060 pergula
1219 1982 1320 2041 custo-

205 2080 304 2145 ditam
328 2082 505 2147 ostendunt.
560 2085 640 2149 haec
670 2092 776 2150 autem
802 2082 960 2168 Cynthiae
985 2082 1125 2148 conditio
1149 2083 1204 2146 vix
1228 2088 1315 2163 erat;

205 2207 300 2268 quarn
317 2207 337 2251 a
355 2188 444 2253 nulla
465 2188 639 2274 impeditus
663 2190 737 2255 lena
759 2190 861 2254 libere
885 2209 1014 2274 semper
1040 2189 1114 2254 visit
1134 2188 1320 2271 Propertius

205 2292 272 2371 (olr.
289 2312 384 2358 carm.
400 2295 424 2378 I,
441 2299 477 2377 33
503 2295 661 2378 111‚ne.);
692 2315 788 2378 quam
813 2297 841 2362 si
864 2316 927 2360 non
950 2295 1110 2380 receperit
1133 2299 1320 2378 amatorem,
1428 2294 1431 2300 '

206 2419 266 2464 sua
281 2400 446 2466 voluntate
470 2408 660 2466 commotam
683 2422 763 2486 esse,
787 2409 821 2467 ut
839 2422 911 2467 cum
929 2400 1123 2483 excluderet,
1145 2399 1321 2463 innumeris

206 2504 283 2570 locis
306 2511 459 2588 testatur3
497 2528 594 2589 quam
618 2507 721 2573 libere
750 2527 887 2593 peregre
911 2506 1090 2592 profectam
1116 2525 1188 2571 esse
1212 2510 1322 2570 narrat

207 2611 274 2692 (cfr.
291 2632 386 2676 carm.
401 2613 457 2696 111,
475 2617 526 2697 32,
543 2618 561 2677 3
576 2634 661 2696 sqq.;
684 2614 740 2697 ΙΙΙ,
759 2618 821 2693 19).
852 2613 901 2680 his
917 2613 1016 2696 igitur
1032 2611 1072 2677 dc
1089 2612 1195 2677 causis
1212 2617 1322 2696 posset

193 2718 341 2802 ,explosa
364 2718 467 2784 videri
484 2719 687 2802 Hertzbergii
711 2720 828 2804 opinio,
851 2719 913 2784 nisi
938 2719 1076 2784 similem
1101 2718 1131 2782 ei
1156 2737 1239 2800 quac
1262 2715 1321 2781 hoc

206 2824 347 2889 carmine
379 2823 564 2909 depingitur
595 2845 687 2891 suam
718 2826 806 2891 vitae
838 2824 1052 2890 conditionem
1083 2824 1157 2909 ipso
1182 2822 1321 2907 Cynthia

206 2929 413 2995 adumbraret
429 2951 524 2995 carm.
542 2931 579 3015 V,
597 2937 614 2995 7
633 2953 684 2996 vv.
704 2937 741 2996 15
760 2951 846 3013 sqq.:

385 3061 481 3118 ianne
496 3059 547 3118 tibi
562 3062 735 3119 ecciderunt
749 3060 882 3135 uipilocis
893 3059 980 3132 furto
996 3057 1133 3118 Suburae

440 3171 467 3224 et
481 3183 548 3225 men
563 3168 713 3226 nocturnis
729 3169 798 3224 trito
810 3168 947 3240 fenestra
965 3166 1058 3223 dotis?

379 3287 439 3346 per
454 3289 541 3348 quaen
558 3274 679 3332 demisso
695 3274 825 3347 quotiens
840 3271 891 3330 tibi
902 3272 979 3344 fitne
987 3272 1119 3345 pependi

439 3381 556 3437 alterno
571 3369 687 3438 veniens
702 3381 732 3437 in
748 3384 798 3437 tna
814 3380 891 3437 cotio
906 3379 1014 3436 monn!

385 3499 476 3558 coepe
497 3485 591 3543 Venno
606 3486 688 3545 trinio
704 3486 855 3545 commisso
872 3489 921 3555 est,
932 3490 1056 3558 pectore
1069 3485 1159 3543 mixto

435 3591 574 3663 fecerant
588 3593 703 3666 tepidas
711 3586 868 3666 procliui)
884 3596 986 3650 nostra
1002 3591 1073 3648 viar.

205 3709 321 3792 quibus
339 3709 486 3774 versibus
503 3730 631 3776 carmen
653 3710 796 3792 quintum
814 3709 856 3773 ad
873 3708 1045 3794 Cynthium
1070 3711 1253 3776 necessario
1270 3732 1318 3776 rc-

205 3814 372 3880 ferendum
396 3835 468 3882 esse
499 3809 568 3880 non
593 3815 838 3900 demonstratur,
877 3822 910 3880 at
942 3835 1037 3900 posse
1066 3814 1178 3881 referri
1210 3822 1318 3882 tamen

206 3920 391 3988 ostenditur.

276 4116 302 4181 *l
321 4115 366 4170 Sic
384 4115 457 4169 enim
475 4117 585 4171 memini
604 4118 731 4172 codicum
752 4117 919 4185 scripturam
932 4116 1032 4187 pollio,
1056 4133 1126 4186 quae
1152 4116 1319 4171 sententiam

205 4221 287 4274 quarn
299 4204 417 4260 maxime
430 4205 590 4274 languidam
603 4202 714 4274 efficiat,
735 4205 801 4258 olim
814 4221 830 4259 a
844 4205 983 4260 seminarii
996 4205 1161 4274 philologici
1173 4205 1316 4259 Kilonien-

204 4294 242 4348 sis
255 4294 351 4348 sodale
366 4294 515 4348 emendari.
