3258 5168
730 486 770 557 33

406 691 466 749 per
481 680 579 733 tenues
595 691 663 734 aare
678 675 734 734 tor
748 678 816 732 suot
830 678 983 732 numerato
1000 677 1079 732 cates

194 774 290 841 scribi
304 775 406 860 iussit,
423 776 508 859 quia,
524 774 637 840 utalia
653 775 953 859 praetermittamus,
969 773 1152 859 Propertius
1161 795 1224 839 non
1240 780 1305 838 tam

195 879 355 948 desiderio
371 882 495 947 amicae
511 881 688 964 marcescit
704 901 800 963 quam
817 880 889 945 odio
906 880 999 946 lenae
1015 880 1230 946 inflammatus
1248 887 1305 946 est.

90 1019 95 1026 ·
193 1007 298 1070 neque
321 990 475 1072 temporis
499 994 668 1071 momento,
692 987 819 1053 etiamsi
843 987 1034 1070 gravissimo
1060 985 1169 1052 dolore
1194 994 1305 1072 captus

195 1101 252 1178 est,
267 1095 313 1160 ita
329 1102 521 1178 attenuatur,
538 1101 572 1159 nt
587 1115 644 1178 per
661 1101 749 1160 cutes
765 1094 927 1159 numerari
950 1094 1073 1176 possint
1090 1113 1171 1158 ossa.
1202 1112 1306 1174 neque

195 1220 271 1266 vero
295 1199 338 1265 ad
353 1201 513 1287 Propertii
537 1201 684 1284 amicam,
711 1201 744 1264 in
768 1220 864 1283 quam
888 1197 1047 1264 invehitur
1070 1197 1233 1282 Acanthis,
1256 1196 1308 1261 hic

195 1327 306 1373 versus
322 1307 436 1398 referri
453 1313 564 1392 potest,
582 1307 658 1390 quia
674 1307 754 1372 haec
770 1327 824 1371 cur
839 1306 885 1370 ita
901 1306 1018 1371 affecta
1032 1305 1074 1372 sit
1089 1306 1193 1371 minus
1210 1305 1306 1372 etiam

194 1412 399 1496 intellegitur.
446 1415 555 1496 itaque
571 1413 605 1478 id
628 1435 725 1478 unum
741 1413 938 1496 relinquitur,
962 1417 996 1476 ut
1012 1410 1052 1478 de
1068 1412 1140 1497 ipsa
1155 1411 1229 1476 lena
1244 1410 1307 1474 dici

196 1539 381 1603 sedeamus,
410 1527 506 1603 atque
523 1541 597 1586 ossa
614 1526 799 1605 pertenues
816 1525 904 1584 cutes
920 1524 1087 1582 numerata
1103 1518 1220 1601 optime
1237 1537 1308 1581 con-

195 1626 326 1691 ven'iunt
341 1627 375 1690 in
391 1627 530 1716 subitam
547 1627 615 1692 eius
630 1632 765 1693 mortem
775 1645 858 1708 quae
867 1624 1003 1690 Veneris
1019 1625 1147 1689 numine
1165 1623 1307 1689 efficitur.

195 1731 254 1797 sed
278 1732 404 1797 etiamsi
428 1733 462 1796 in
482 1731 565 1798 hanc
588 1733 786 1798 sententiam
801 1730 968 1797 'emendari
993 1735 1106 1814 potest,
1129 1730 1179 1796 hic
1200 1737 1308 1794 tamen

196 1858 308 1904 versus
323 1839 379 1903 ille
395 1839 524 1904 tolerari
540 1839 666 1921 nequit:
687 1839 742 1903 ubi
759 1839 863 1904 subito
879 1844 1036 1902 mortuam
1053 1857 1125 1902 esse
1141 1837 1306 1902 mulierem

195 1944 332 2010 nondum
358 1946 509 2029 narravit,
541 1949 649 2010 auctor
677 1963 762 2028 quae
786 1943 882 2011 fuerit
912 1944 1054 2028 corporis
1080 1949 1151 2028 post
1174 1950 1306 2008 mortem

157 2121 159 2126 ,
199 2050 324 2133 speeies
340 2051 449 2134 inepte
466 2051 604 2134 exponit.
635 2053 704 2114 Iam
721 2069 798 2116 vero
815 2072 843 2115 v.
861 2054 917 2116 68:

466 2164 581 2222 torruit
596 2164 706 2236 alpensi
714 2165 846 2237 perpulsa
861 2167 947 2220 curto
959 2163 1031 2234 foco
1158 2237 1161 2242 Δ

195 2261 302 2327 neseio
326 2282 388 2342 quo
411 2262 506 2328 modo
530 2264 644 2346 vagari
668 2263 746 2326 mihi
774 2261 903 2328 videtur
925 2261 1009 2326 inter
1032 2260 1173 2344 reliquos
1196 2281 1309 2328 versus

198 2367 313 2451 quibus
329 2367 418 2432 nulla
433 2369 612 2434 sententiae
632 2367 869 2434 necessitudine
894 2368 1102 2450 coniungitur.
1149 2388 1203 2432 cur
1225 2369 1309 2434 enim

195 2474 255 2539 hoc
285 2474 485 2557 potissimum
516 2475 585 2539 loco
616 2474 710 2540 16666
746 2481 973 2560 paupertatem
1004 2480 1160 2540 memorat
1189 2474 1309 2560 poeta?

196 2579 289 2646 huius
305 2586 414 2646 autem
430 2582 537 2646 statim
547 2587 619 2664 post
634 2582 820 2665 orationem,
837 2601 901 2662 qua
909 2580 1037 2664 puellae
1053 2587 1088 2645 ut
1103 2580 1232 2647 divitias
1249 2582 1310 2646 sibi

197 2694 328 2770 pararet
343 2687 444 2752 suasit
460 2687 584 2771 mulier,
600 2687 706 2770 aptius
719 2687 837 2752 mentio
853 2685 896 2771 fit,
913 2693 947 2750 ut
962 2686 1055 2753 huius
1073 2689 1197 2754 consilii
1213 2708 1312 2755 cansa

198 2792 295 2856 etiam
313 2799 432 2878 pateat.
473 2813 557 2875 quae
574 2793 602 2858 si
619 2811 694 2858 vere
711 2791 875 2877 disputata
899 2800 980 2878 sunt,
1004 2815 1032 2859 v.
1050 2799 1091 2859 62
1109 2802 1141 2860 et
1157 2816 1185 2861 v.
1203 2799 1244 2861 68
1262 2814 1310 2860 se-

197 2897 271 2962 dem
294 2899 376 2964 inter
399 2919 435 2965 se
458 2905 583 2965 mutare
607 2899 734 2964 debent.
786 2900 831 2965 sic
855 2900 940 2965 enim
964 2900 1070 2965 subita
1092 2900 1186 2966 lenae
1210 2908 1311 2966 morte
1371 2890 1374 2896 ’

196 3025 247 3069 vv.
265 3008 305 3068 65
323 3025 391 3087 sqq.
407 3012 540 3071 narrata
555 3004 642 3070 haud
658 3005 767 3090 inepte
783 3005 918 3071 adicitur
933 3027 962 3071 v.
980 3011 1031 3073 62.
1071 3007 1126 3091 qui
1141 3007 1188 3074 sic
1218 3008 1310 3073 resti-

195 3116 297 3176 tutus:

422 3239 548 3298 ossaque
556 3239 616 3298 per
631 3229 812 3284 6666661
826 3229 981 3284 camerata
997 3231 1076 3284 cutes

196 3343 288 3388 suum
311 3323 415 3389 locum
438 3330 552 3390 tuetur.
607 3332 749 3390 ceterum
781 3345 893 3392 versus
924 3324 1208 3418 transpositionem
1235 3326 1311 3391 olim

197 3435 307 3496 secuta
323 3436 372 3496 est
387 3431 566 3515 particulae
582 3431 719 3511 quoiam
741 3451 837 3498 sensu
861 3432 999 3498 carentis
1015 3433 1256 3518 praetermissio
1280 3441 1311 3498 et

195 3537 424 3602 vocabulorum
440 3537 596 3602 traiectio.

284 3641 349 3708 Sed
364 3641 505 3709 nondum
521 3643 581 3709 hoc
605 3663 735 3710 carmen
751 3643 933 3726 relinquere
949 3645 1032 3710 licet.
1074 3664 1136 3729 age
1154 3645 1239 3712 enim
1255 3645 1311 3710 ad-

197 3750 371 3834 spiciamus
386 3749 480 3816 16666
497 3757 681 3835 praecepta..
719 3770 810 3835 quae,
828 3771 1011 3834 quanquam
1027 3753 1060 3815 in
1076 3752 1211 3835 singulis
1227 3751 1310 3817 ordi-

195 3855 310 3921 nandis
326 3862 447 3921 certam
465 3856 626 3938 quandam
643 3856 826 3922 libertatem
844 3857 1047 3923 concedimus
1063 3865 1186 3944 poetae,
1202 3866 1311 3925 tamen

197 3962 266 4027 sine
281 3962 347 4026 ullo
364 3963 495 4028 consilio
512 3963 656 4054 coniecta
671 3964 785 4028 meritc
810 3961 965 4029 dicuntur.
1010 3984 1116 4048 neque
1138 3966 1223 4030 enim
1248 3967 1311 4032 sin·

195 4067 356 4150 gularium
373 4076 616 4154 praeceptorum
634 4075 706 4155 post
721 4070 889 4152 generalia
897 4092 948 4136 vv.
959 4076 997 4135 21
1011 4075 1104 4138 -28
1122 4079 1312 4159 exprompta

196 4172 340 4239 ordinem
357 4174 402 4240 ita
409 4175 550 4259 incipere
559 4175 700 4241 debebat
708 4175 863 4242 Acanthis
872 4179 967 4243 u29:
989 4179 1185 4247 clamatore
1199 4201 1312 4244 moram

191 4287 319 4358 pretium
331 4287 418 4365 facit,
435 4302 505 4346 cum
523 4282 587 4346 alia
605 4281 750 4348 eiusdem
767 4284 897 4366 generis
911 4283 1091 4351 adhortatio
1102 4285 1312 4369 praecederet

196 4386 293 4450 nulla.
338 4387 455 4452 deinde
478 4410 529 4453 vv.
554 4395 699 4454 57-60
723 4389 756 4453 in
780 4391 877 4456 totius
901 4391 1053 4458 orationis
1076 4389 1149 4545 tine3
1159 4391 1236 4456 ferri
1256 4393 1312 4458 vix
