3226 5162
879 487 921 550 66

351 657 384 712 Β.
398 673 422 712 a.
437 658 527 712 Docta
539 659 585 714 vel
599 659 786 730 Hippolytum
801 660 904 714 Veneri
917 661 1025 714 mollire
1038 667 1183 729 negantem

483 748 670 816 concordique
684 753 748 801 toro
766 748 887 816 pessima
900 764 1010 816 sempor
1022 750 1090 816 avis,

447 837 609 906 Penelopen
621 852 733 906 quoque
748 838 874 904 neglecto
888 853 998 891 rumore
1012 838 1101 891 mariti

482 927 587 980 nubere
600 925 706 979 lascivo
720 930 834 994 cogeret
846 922 982 979 Antinoo.

410 1049 437 1104 h.
452 1048 556 1104 Audax
568 1055 695 1104 cantatae
709 1049 786 1116 leges
799 1049 941 1118 imponere
954 1050 1036 1103 lunae

481 1144 510 1192 et
523 1154 574 1192 sua
587 1145 724 1191 nocturno
737 1137 834 1192 1011000
848 1143 927 1205 terga
939 1138 1016 1207 lupo,

446 1232 544 1294 posset
557 1232 588 1280 ut
600 1226 723 1281 intentos
737 1231 800 1278 astu
813 1241 926 1280 caecare
939 1227 1061 1294 maritos,

481 1316 620 1369 cornicum
634 1315 783 1369 immeritas
796 1315 869 1369 eruit
882 1330 974 1382 ungue
987 1330 1082 1383 genas.

410 1455 433 1491 c.
453 1437 655 1507 tlonsuluitque
670 1439 770 1506 striges
783 1444 880 1492 nostro
894 1439 927 1492 de
942 1439 1076 1506 sanguine
1090 1439 1158 1493 etin
1173 1456 1215 1493 me

481 1526 665 1595 hippomanes
678 1527 751 1582 fetae
766 1528 870 1581 semina
882 1528 951 1595 legit
963 1543 1059 1595 equae.

447 1615 583 1671 exorabat
595 1632 667 1686 opus
681 1617 783 1684 verbis,
797 1631 848 1669 ceu
861 1616 964 1670 blanda
976 1623 1105 1684 pererrat

480 1719 663 1775 saxosamque
678 1705 743 1760 terit
756 1704 854 1758 sedula
866 1704 980 1774 lympha
992 1705 1074 1757 viam.

350 1847 378 1900 C.
398 1863 422 1900 a.
443 1846 491 1915 „Si
504 1852 532 1900 te
546 1861 598 1899 eoa
611 1847 802 1901 Dorozantum
814 1847 894 1900 iuvat
906 1861 990 1900 aurea
1002 1845 1064 1914 ripa

480 1940 509 1988 ct
522 1949 593 2002 queo
607 1935 659 1988 sub
672 1935 759 2003 Tyria
772 1934 877 1988 concha
890 1934 1017 2002 superbit
1030 1949 1110 2002 aqua,

445 2022 637 2092 Eurypylique
652 2024 744 2090 placet
757 2023 830 2077 (leae
844 2028 955 2076 textura
968 2022 1108 2076 Minervae

480 2117 610 2178 sectaque
624 2112 659 2164 ab
673 2109 806 2166 Attalicis
819 2111 913 2180 putria
926 2111 1097 2178 signaturis,

445 2215 494 2254 seu
508 2214 579 2268 quae
593 2199 753 2268 palmiferae
766 2201 880 2254 mittunt
892 2199 1004 2254 venalia
1016 2199 1129 2254 Thebae

479 2303 643 2358 murreaque
657 2288 686 2342 in
699 2289 810 2343 Parthis
824 2290 925 2357 pocula
938 2293 1017 2342 cocta
1029 2288 1108 2356 focis,

443 2392 544 2445 sperne
557 2372 649 2444 fidem,
662 2378 799 2445 provolve
813 2378 890 2445 deos,
903 2376 1047 2430 mendacia
1060 2376 1181 2444 vincant,

478 2465 575 2532 frange
589 2471 616 2518 et
629 2465 779 2520 damnosae
792 2466 853 2519 iura
866 2465 1026 2533 pudicitiae.

408 2589 435 2642 1.
449 2589 521 2641 Dum
534 2593 633 2642 vernat
646 2589 768 2656 sanguis,
783 2590 846 2643 dnm
860 2589 937 2657 rugis
950 2587 1058 2656 integer
1071 2605 1168 2656 annus,

479 2681 566 2744 utere,
581 2692 614 2730 ne
629 2677 697 2746 quid
710 2693 770 2730 cras
784 2678 853 2732 libet
866 2679 901 2732 ab
915 2694 963 2732 ore
977 2678 1045 2731 dies.

443 2765 502 2819 vidi
516 2782 568 2832 ego
583 2765 694 2818 odorati
707 2753 815 2819 victura
828 2766 933 2821 rosaria
946 2765 1040 2820 Paesti

477 2853 530 2907 sub
543 2853 680 2908 matutino
694 2860 773 2908 cocta
786 2854 876 2910 iacere
889 2861 965 2908 noto.

406 2994 429 3030 0.
447 2977 572 3046 Supplex
586 2977 632 3032 ille
646 2978 740 3032 sedet:
755 2979 849 3047 posita
861 2982 891 3031 tn
906 2977 995 3031 scribe
1014 2977 1144 3032 cathedra

478 3066 624 3134 quidlibet.
649 3066 700 3120 has
713 3071 787 3120 artes
802 3067 826 3119 si
838 3070 925 3135 pavet
937 3066 992 3133 1110,
1007 3071 1093 3120 tenes.

441 3169 550 3223 semper
563 3153 634 3208 habe
647 3170 757 3208 morsus
770 3154 843 3208 circa
856 3159 904 3208 tua
917 3154 988 3207 oolla
1001 3161 1135 3222 recentes,

475 3243 573 3298 litibus
587 3244 702 3298 alterius
715 3258 787 3312 quos
799 3248 881 3312 putet
893 3258 954 3297 0000
968 3243 1057 3297 datos.

405 3368 431 3421 d.
445 3367 503 3422 Nec
516 3372 543 3421 te
556 3368 669 3422 Medeae
683 3368 824 3422 delectent
835 3367 939 3435 probra
952 3367 1081 3436 sequacis

477 3457 587 3525 (nempe
601 3456 666 3510 tulit
677 3455 767 3509 100100
781 3471 849 3508 0000
861 3471 960 3523 rogare
974 3456 1080 3524 prior),

440 3544 490 3598 sed
503 3544 599 3612 potius
611 3544 706 3598 mundi
719 3544 804 3597 Thais
817 3544 941 3611 pretiosa
954 3545 1106 3612 Menandri,

474 3649 536 3686 cum
548 3632 614 3687 10011
626 3638 735 3687 astutos
747 3633 852 3686 comica
863 3632 978 3686 moecha
991 3633 1085 3686 Getas.

403 3771 427 3810 0.
445 3757 477 3809 10
489 3773 581 3811 mores
591 3762 619 3811 te
632 3763 710 3812 verte
723 3757 792 3810 viri:
808 3757 832 3810 si
845 3757 952 3810 cantica
964 3756 1058 3824 iactat,

475 3845 483 3898 i
497 3861 589 3900 comes
603 3851 631 3900 et
643 3861 728 3900 voces
742 3846 819 3900 ebria
832 3845 916 3913 iunge
930 3851 1001 3898 tuas.

437 3940 466 3988 et
478 3935 607 3989 simulare
621 3951 725 3988 moram
738 3935 857 4003 pretium
871 3934 952 3988 facit:
969 3938 1045 3988 utere
1059 3934 1164 3986 causis:

471 4023 559 4076 maior
572 4023 659 4078 dilata
671 4031 752 4078 nocte
766 4028 890 4076 recurret
902 4038 987 4075 amor.

401 4128 420 4181 1.
440 4127 469 4182 Si
483 4128 534 4182 tibi
547 4129 619 4184 10010
633 4145 726 4183 comas
739 4129 883 4183 vexaverit
895 4128 973 4181 utilis
986 4126 1034 4195 ira,

472 4218 633 4285 postmodo
646 4222 767 4272 mercata
779 4232 848 4285 pace
862 4217 1029 4286 premendus
1042 4216 1103 4270 erit.

436 4305 556 4374 denique
576 4306 624 4360 ubi
643 4307 773 4374 amplexu
793 4307 929 4360 Venerem
947 4305 1110 4373 promiseris
1128 4311 1231 4374 empto,

470 4395 515 4449 fac
528 4395 640 4450 simules
653 4409 741 4464 puros
753 4394 837 4448 Isidis
850 4410 911 4448 esse
926 4394 994 4448 dies.
