3226 5162
864 477 905 541 82

331 657 521 736 recuperata
536 651 556 717 i.
572 671 598 717 e.
615 649 730 717 eodem
746 649 814 717 iere
831 671 893 734 quo
911 651 1055 735 earmss,
1072 656 1090 715 7
1107 657 1251 736 tempore
1267 649 1444 718 oonteotum

331 778 404 826 esse
413 759 556 843 eonieeit,
572 757 773 841 argumentis
788 758 844 823 ille
860 777 946 843 usus,
961 763 996 822 ut
1011 755 1096 822 inira
1110 777 1315 842 exponemus,
1330 778 1445 842 parum

329 865 559 949 probabilibus.
606 885 718 930 verum
734 863 824 929 aliud
840 866 938 929 etiam
954 865 1069 930 obstat
1114 884 1189 929 nam
1204 862 1285 928 illud
1301 867 1336 928 ut
1351 883 1445 947 prae-

328 973 504 1036 termittam
513 970 597 1054 quod
614 971 697 1036 liber·
713 977 845 1054 quartus
862 991 954 1037 suum
963 971 1131 1056 prologum
1140 970 1254 1036 habet:
1275 969 1330 1052 qui
1348 989 1445 1034 earm.

329 1077 385 1164 III,
405 1079 466 1143 13b
483 1099 534 1143 vv.
551 1082 591 1141 25
610 1099 673 1160 sq:

326 1188 362 1240 sa
487 1193 613 1248 salmes
628 1193 800 1264 50150555
817 1193 860 1248 erl
873 1190 899 1248 si
913 1195 973 1250 tres
986 1190 1045 1249 se'nl
1054 1205 1165 1266 pompe
1181 1189 1276 1263 libelli,

517 1311 590 1370 quos
605 1311 658 1370 epo
675 1297 885 1370 Persephonae
898 1298 1030 1356 maxima
1046 1297 1125 1356 done
1137 1297 1247 1369 feram,

330 1417 409 1481 quos
425 1417 539 1463 versus
555 1396 596 1460 ad
612 1401 729 1482 poetae
745 1395 848 1481 ipsius
871 1397 971 1463 libros
987 1404 1134 1483 spectare
1151 1396 1249 1462 evioit
1265 1395 1445 1462 Lachman-

327 1524 388 1569 nus
404 1503 423 1566 l.
439 1503 459 1566 l.
476 1500 578 1587 praet.
594 1525 647 1590 pp.
662 1501 742 1566 XXI
764 1522 819 1587 sq,
842 1504 984 1570 seribere
1007 1505 1061 1570 vel
1083 1504 1178 1569 tertio
1201 1503 1284 1568 libro
1300 1504 1445 1569 inserere

327 1611 430 1695 potuit
445 1615 550 1694 poeta,
574 1610 601 1675 si
624 1616 696 1695 post
711 1609 851 1693 primurn
866 1616 931 1676 tres
948 1615 1119 1693 sequentes
1142 1609 1241 1674 libros
1259 1611 1446 1676 eoniunotos

328 1714 432 1781 edidit
446 1715 556 1799 itaque
573 1716 638 1780 iam
659 1737 723 1781 non
738 1721 813 1800 tres,
836 1715 895 1782 sed
911 1721 1060 1799 quattuor
1082 1716 1182 1782 libros
1206 1735 1241 1782 se
1266 1713 1445 1782 confecisse

327 1822 501 1888 lectoribus
517 1821 730 1889 monstravit?
761 1843 838 1907 ergo
848 1823 952 1908 primo
961 1824 1044 1888 libro
1061 1828 1156 1889 antea
1165 1821 1251 1888 edito
1260 1823 1445 1888 ooniunotos

327 1927 503 1995 seeundum
533 1930 740 2014 tertiumque,
771 1936 885 2014 postea
913 1935 1062 2013 quartum
1093 1935 1278 2014 separatum
1308 1927 1445 1994 addidit.

327 2041 425 2119 atque
448 2035 522 2102 illos
547 2035 677 2118 quidem
701 2055 730 2100 5.
748 2040 810 2100 729
836 2038 903 2116 (25)
927 2035 996 2102 fere
1021 2035 1123 2103 editos
1148 2055 1221 2102 esse
1245 2033 1447 2102 demonstrat

327 2160 424 2206 earm.
440 2142 496 2225 III,
514 2146 554 2206 34
573 2141 659 2225 quod
675 2142 797 2228 epilogi
814 2162 924 2208 eorum
940 2163 1073 2208 munere
1089 2143 1240 2226 fungitur.
1275 2161 1351 2208 nam
1368 2140 1445 2207 Cor·

326 2247 429 2314 nelius
446 2247 561 2315 Gallus
577 2253 683 2334 poeta,
700 2269 795 2332 quem
811 2269 915 2332 nuper
937 2255 1071 2314 mortem
1089 2249 1151 2315 sibi
1167 2248 1361 2314 oonseivisse
1377 2250 1445 2332 sig-

325 2352 455 2420 nifieant
469 2375 520 2422 vv.
537 2359 576 2419 91
596 2374 653 2439 sq,
679 2356 781 2421 evita
796 2354 936 2421 decessit
952 2377 979 2420 a.
998 2359 1060 2422 728
1078 2360 1155 2440 (26),
1178 2360 1214 2419 51
1236 2353 1298 2418 Dio
1322 2356 1341 2417 l.
1357 2355 1445 2438 LIII,

327 2463 367 2524 23
385 2467 497 2526 auotor
513 2466 570 2526 est.
618 2465 715 2542 atque
731 2460 773 2524 ad
798 2460 884 2526 idem
908 2461 976 2526 fere
991 2466 1119 2546 tempus
1142 2461 1289 2527 revooari
1309 2468 1446 2544 possunt

326 2566 472 2634 eiusdem
500 2567 626 2650 elegiae
654 2587 706 2633 vv.
731 2570 885 2633 61-79.
931 2587 1010 2651 quos
1034 2567 1230 2652 Propertius,
1254 2587 1325 2632 oum
1347 2568 1445 2634 leotis

324 2672 447 2739 soilieet
477 2673 601 2757 aliquot
632 2671 812 2758 imperleeti
841 2673 949 2758 operis
979 2673 1072 2738 libris
1100 2672 1254 2737 iudioium
1286 2671 1370 2738 ierat
1400 2672 1444 2739 de

323 2779 462 2862 Vergilii
485 2779 640 2864 Aeneide,
670 2784 756 2845 oerte
780 2785 855 2844 ante
878 2799 907 2843 a.
931 2783 994 2845 729
1019 2777 1089 2865 (25)
1121 2778 1290 2863 scripsisse
1319 2779 1444 2864 nequit,

323 2887 474 2967 quoniam
498 2884 655 2951 Aeneidis
679 2884 847 2950 incohatae
871 2906 899 2950 a.
918 2889 979 2950 725
998 2889 1066 2966 (29)
1083 2884 1258 2969 partieulas
1274 2884 1397 2968 aliquot
1415 2906 1444 2950 a.

325 2990 467 3079 731(23)
484 2991 614 3056 demum
631 2991 764 3058 Caesari
782 2991 928 3073 quamvis
945 2991 1077 3056 instanti
1094 2991 1258 3073 Vergilius
1273 2992 1437 3074 recitavit3

323 3095 378 3162 etr.
394 3097 565 3163 Ribbeekii
580 3097 671 3181 proll.
680 3097 778 3180 Verg.
786 3119 816 3182 p.
833 3103 884 3163 60.
917 3103 1048 3180 quartus
1065 3096 1205 3179 denique
1221 3097 1303 3163 liber
1319 3099 1441 3181 exiguo

321 3210 394 3289 post
409 3203 526 3269 librum
543 3202 719 3270 seeundum
742 3203 939 3287 tertiumque
963 3203 1117 3270 emissum
1140 3203 1246 3289 spatio
1270 3204 1439 3269 interiecto

322 3310 469 3396 eomponi
483 3316 615 3396 eoeptus
628 3309 764 3377 videtur.
795 3330 871 3375 narn
884 3331 912 3374 5.
928 3315 986 3376 731
1006 3309 1075 3396 (23)
1089 3307 1267 3374 oonieotum
1280 3316 1330 3376 est
1341 3330 1440 3375 earm.

320 3417 375 3502 IV,
395 3419 433 3482 18
450 3436 514 3482 non
534 3417 633 3482 multo
650 3423 685 3481 nt
699 3417 826 3483 videtur
850 3421 923 3501 post
938 3415 1092 3501 Marcelli,
1116 3414 1271 3482 Octaviae
1294 3414 1361 3499 filii,
1386 3437 1439 3482 su-

320 3521 420 3588 bitam
437 3528 580 3608 mortem,
597 3521 638 3588 de
647 3543 712 3607 qua
720 3528 831 3588 auetor
847 3527 896 3588 est
911 3522 973 3587 Dio
986 3522 1006 3586 1.
1015 3523 1159 3607 LIH,30.
1191 3521 1312 3587 editum
1329 3526 1439 3587 autern

321 3649 394 3697 esse
409 3627 494 3695 huno
515 3629 633 3695 librum
655 3630 748 3696 brevi
772 3634 845 3714 post
867 3650 895 3694 a.
922 3631 984 3694 732
1009 3633 1079 3709 (22)
1102 3634 1271 3694 exeuntem
1294 3632 1440 3712 tempore

319 3735 503 3802 intermisso
520 3735 765 3821 demonstratur,
789 3741 824 3800 ut
848 3735 980 3819 saepius
1002 3735 1067 3799 iam
1088 3734 1347 3817 memoravimus,
1368 3753 1438 3798 oar-

319 3843 404 3908 mine
428 3841 514 3926 quod
538 3844 613 3909 olim
639 3849 709 3909 erat
724 3843 782 3927 HI,
810 3847 847 3906 lo
870 3841 985 3907 oollato
1006 3861 1077 3906 oum
1094 3861 1189 3904 earm.
1206 3841 1259 3922 IV,
1275 3843 1316 3904 24
1335 3844 1368 3903 01
1385 3844 1438 3904 25.

319 3953 416 4032 atque
439 3949 526 4015 intra
549 3949 680 4016 eosdem
702 3947 781 4014 fines
806 3947 1006 4013 eontinentur
1029 3946 1126 4012 etiarn
1142 3965 1238 4010 earm.
1254 3945 1309 4029 IV,
1336 3951 1371 4027 43
1394 3952 1432 4027 5;

322 4058 361 4119 12
387 4075 469 4138 quae
493 4055 535 4120 ad
561 4055 745 4121 Parthioam
769 4054 1008 4139 expeditionem
1034 4053 1094 4118 hoe
1117 4059 1262 4136 tempore
1286 4057 1436 4136 paratam

319 4161 487 4246 pertinent.
534 4161 592 4226 sed
609 4159 769 4226 exoedunt
792 4181 847 4226 eos
865 4181 962 4225 earm.
978 4159 1032 4244 IV,
1058 4166 1096 4222 15
1113 4159 1227 4225 51291)
1245 4158 1323 4224 5151
1341 4157 1436 4223 fallor

319 4269 484 4334 01155120.
529 4286 605 4331 nam
622 4286 719 4331 earm.
745 4271 784 4331 15
806 4273 881 4332 5515
897 4285 1036 4332 annuum
1053 4265 1132 4329 illud
1157 4263 1325 4330 dissidium
1350 4263 1435 4348 quod

318 4393 419 4458 saepe
441 4373 650 4440 tractavimus
675 4371 852 4438 eonfeotum
878 4393 950 4439 esse
972 4373 1036 4436 iam
1060 4371 1250 4436 monuimus.
1306 4376 1371 4434 tum
1393 4389 1434 4434 ne
