3226 5162
743 394 784 456 53

209 571 384 654 horoscopo
408 567 550 654 praedici
574 573 691 654 poetae
720 569 880 635 evicimus.
932 589 994 652 age
1025 570 1090 634 iam
1120 568 1322 634 considerate

210 677 314 761 qualis
330 677 370 742 sit
387 676 446 742 1111
462 675 665 762 horoscopus.
696 676 758 740 ioci
771 697 876 742 nonno
891 676 1146 742 amantissimum
1157 674 1323 740 dicemus?

210 806 252 850 an
267 783 351 850 serio
368 781 408 849 de
423 788 520 865 gente
536 803 595 848 sua
610 781 766 865 gloriatur
782 804 833 847 vv.
845 787 884 864 77
899 782 997 865 sqq?
1028 804 1070 847 an
1086 783 1169 849 serio
1185 781 1265 846 illud
1283 781 1322 848 de

210 889 346 955 Cinarae
370 888 541 974 puerperio
566 889 750 954 vaticinium
781 888 881 954 refert
904 911 955 954 vv.
978 895 1018 954 99
1040 888 1126 971 sqq?
1173 909 1214 952 an
1239 888 1322 953 serio

209 996 308 1062 vitam
324 994 533 1080 patriamque
543 993 711 1078 Propertii,
728 1015 779 1060 res
796 996 942 1061 omnibus
959 1001 1059 1079 notas,
1076 995 1260 1060 decantavit
1272 1017 1322 1060 vv.

212 1108 269 1167 121
291 1123 369 1185 sqq,
386 1100 478 1183 quasi
495 1121 550 1166 eas
567 1100 732 1166 recondita
748 1105 817 1167 arte
834 1108 983 1188 acceptas
999 1101 1151 1166 teneret?
1183 1079 1322 1184 delique

208 1208 358 1274 vaticinio
375 1227 499 1291 cavere,
515 1227 555 1272 ne
572 1208 642 1289 quis
652 1207 765 1273 duram
781 1209 922 1292 puellam
932 1208 1203 1293 amaracoeperit,
1219 1229 1323 1273 nonne

208 1314 317 1400 lepide
333 1321 383 1380 est
399 1313 585 1379 inventum?
615 1315 767 1380 iamvero
784 1315 854 1396 quis
871 1321 919 1380 111
931 1315 985 1379 illc
994 1313 1214 1400 horoscopus?
1248 1336 1323 1378 num

208 1421 280 1506 ipse
296 1419 507 1504 Propertius?
547 1420 681 1502 cogitari
697 1419 839 1505 profecto
863 1420 974 1502 nequit
989 1419 1075 1503 quod
1091 1420 1195 1502 magis
1220 1419 1261 1484 sit
1276 1419 1322 1484 in-

209 1535 320 1612 eptum
336 1524 510 1592 absurdum
526 1524 703 1610 ridiculum,
720 1547 815 1608 quam
831 1527 936 1611 ipsum
950 1527 1153 1610 Propertium
1170 1526 1223 1591 vel
1238 1527 1323 1590 serio

208 1635 261 1699 vel
284 1633 391 1699 iocose
413 1632 474 1698 sibi
499 1653 590 1696 suum
608 1631 765 1716 Cynthiae
790 1652 932 1696 amorem
956 1632 1084 1696 oraculo
1106 1633 1322 1717 pronuntiare.

207 1745 377 1824 praeterea
401 1738 428 1802 si
452 1739 523 1822 ipse
547 1738 733 1822 Propertius
756 1738 924 1824 horoscopi
943 1757 1114 1822 personam
1138 1738 1323 1822 assumpsit,

208 1866 263 1909 cur
280 1844 333 1926 qui
349 1851 458 1908 tamen
473 1843 507 1907 id
524 1851 684 1928 sequatur,
700 1849 734 1907 ut
751 1844 816 1909 suis
826 1844 927 1928 ipsius
936 1844 1073 1908 oraculis
1082 1843 1178 1908 fidem
1194 1843 1322 1926 habeat,

206 1972 270 2016 non
286 1951 465 2015 accuratius
490 1949 600 2014 definit
624 1950 761 2034 patriam
786 1969 877 2014 suam
895 1969 991 2032 quam
1007 1970 1090 2014 nunc
1106 1971 1156 2014 vv.
1177 1955 1231 2014 121
1255 1970 1322 2032 sqq.

208 2063 258 2122 sat
273 2057 417 2122 obscuris
432 2055 547 2120 finibus
565 2055 821 2121 circumscribit?
867 2062 908 2139 at,
931 2055 1046 2138 inquis,
1063 2056 1224 2120 transtulit
1239 2055 1322 2121 huno

207 2163 311 2227 locum
335 2163 405 2227 sine
430 2160 525 2226 dubio
546 2181 676 2227 ecarm.
694 2164 717 2244 l,
742 2165 782 2224 22
809 2158 843 2226 11
864 2181 947 2243 quae
971 2162 1037 2226 illio
1069 2163 1198 2246 scripsit
1220 2163 1322 2227 noluit

207 2275 339 2334 mutare.
384 2268 481 2332 immo
506 2268 612 2352 ipsum
629 2268 830 2353 Propertium
855 2269 901 2332 ita
917 2288 992 2334 suas
1009 2268 1120 2352 copias
1137 2268 1320 2353 despoliare

207 2374 348 2460 potuisse
371 2373 441 2439 iure
464 2374 596 2457 negavit
619 2373 852 2440 Heimreiehr'us
875 2375 909 2438 in
932 2375 1034 2458 symb.
1058 2374 1110 2458 ph.
1133 2375 1169 2438 B.
1194 2397 1223 2459 p.
1247 2380 1320 2458 675,

206 2481 283 2562 quia
297 2481 373 2546 talis
390 2481 608 2546 translationis
624 2481 744 2546 utilitas
767 2481 856 2544 nulla
873 2481 1020 2546 cernitur.
1067 2487 1178 2545 contra
1194 2481 1221 2546 si
1238 2480 1319 2546 alius

206 2587 264 2652 sub
287 2586 455 2672 horoscopi
479 2606 618 2671 persona
641 2589 719 2652 latet
744 2607 840 2670 quem
864 2586 1024 2652 hominem
1048 2587 1138 2651 multi
1162 2587 1224 2651 ioci
1248 2606 1320 2652 esse
1348 2587 1349 2592 ’

204 2693 270 2756 iam
294 2692 441 2776 vidimus,
469 2692 520 2757 hic
543 2694 708 2758 translatis
731 2693 764 2757 in
787 2715 878 2758 suum
902 2715 994 2758 usum
1018 2693 1165 2758 versibus
1189 2694 1253 2760 illis
1278 2692 1320 2757 ad

205 2798 319 2863 melius
344 2796 589 2864 describendam
612 2805 729 2884 poetae
753 2801 891 2883 patriam
917 2801 1058 2865 consulto
1083 2799 1162 2863 nihil
1187 2798 1319 2883 addidit,

205 2904 326 2970 scilicet
342 2909 376 2968 ut
391 2903 474 2970 hanc
489 2926 552 2969 non
565 2925 606 2970 ex
623 2905 719 2970 astris
745 2912 813 2971 arto
829 2927 888 2970 sua
904 2907 999 2972 tantis
1016 2905 1164 2972 laudibus
1181 2907 1269 2970 elata
1285 2926 1319 2972 se

205 3011 365 3093 cognitam
381 3009 501 3076 habere
518 3011 717 3096 lepidissime
732 3011 891 3096 proderet,
916 3012 973 3078 sed
990 3033 1007 3077 e
1023 3013 1182 3096 Propertii
1198 3012 1318 3095 elegiis.

206 3135 288 3196 quae
305 3135 376 3180 cum
392 3116 438 3179 ita
454 3117 525 3200 sint,
549 3116 736 3182 facetissimi
754 3119 887 3183 alicuius
904 3119 1000 3183 amici
1017 3125 1066 3183 est
1088 3124 1197 3183 nostra
1213 3119 1321 3198 elegia

205 3240 270 3302 qua
285 3221 452 3305 horoscopi
468 3243 608 3306 persona
618 3222 747 3290 indutus
756 3224 960 3308 Propertium
977 3230 1093 3306 monet,
1109 3243 1150 3288 ne
1160 3222 1318 3307 Cynthiae

204 3347 323 3410 amore,
340 3329 511 3408 quoteneri
529 3336 670 3413 coeptus,
687 3336 757 3394 erat
773 3350 903 3415 prorsus
920 3329 1092 3393 irretiatur.
1122 3349 1227 3411 neque
1240 3348 1317 3394 vero

203 3433 284 3498 haec
299 3434 460 3498 sententia
475 3454 513 3498 eo
530 3426 684 3499 evertitur
700 3435 785 3516 quod
801 3436 861 3500 hoc
884 3456 1014 3502 carmen
1028 3437 1102 3521 ipso
1119 3456 1157 3501 eo
1174 3442 1318 3520 tempore

204 3558 266 3621 quo
283 3540 425 3624 coeperit
434 3538 591 3624 Cynthiae
601 3561 691 3606 amor
700 3542 911 3626 compositum
928 3543 1090 3626 respicere
1102 3541 1318 3607 Heimreichio

204 3644 406 3710 concedimus
427 3645 469 3709 ad
486 3665 581 3710 carm.
598 3648 623 3729 Ι,
641 3652 698 3710 221
730 3646 814 3728 quod
837 3647 918 3711 libro
943 3648 1121 3714 continetur
1144 3655 1217 3732 post
1238 3646 1318 3711 illud

203 3757 328 3835 tempus
346 3750 440 3816 edito.
469 3752 586 3816 etenim
602 3752 681 3816 illud
698 3772 836 3837 carmen,
853 3753 938 3834 quod
954 3762 1039 3818 certo
1055 3754 1209 3838 temporis
1225 3753 1317 3834 signo

203 4049 293 4104 neque
307 4049 437 4102 agrorum
450 4034 611 4089 distributio
625 4036 683 4105 (vv.
695 4038 742 4088 129
750 4037 811 4104 sq),
826 4051 896 4104 quae
909 4040 1005 4104 potest
1017 4036 1063 4090 vel
1076 4051 1092 4089 a
1105 4035 1254 4105 Propertio
1267 4035 1316 4103 III,

203 4127 246 4191 34,
260 4128 293 4176 55
307 4139 348 4192 sq.
361 4128 573 4177 commemorata
586 4123 684 4190 videri,
700 4139 793 4192 perse
807 4129 881 4180 certe
895 4125 1048 4195 habetque
1062 4125 1133 4180 salsa
1146 4141 1208 4180 1111
1222 4124 1316 4179 existi·
1341 4109 1347 4124 ’

202 4212 304 4266 manda
316 4211 368 4281 111;
382 4226 445 4266 nam
452 4212 570 4281 Vergilii
576 4211 733 4280 exemplum
739 4212 875 4267 imitatum
883 4229 944 4268 csse
951 4213 1138 4282 horoscopum
1145 4229 1200 4282 qua
1208 4213 1316 4268 ratione

201 4304 298 4370 potest
310 4293 487 4354 confirmari?
