3226 5162
719 461 761 526 59

200 635 232 688 B.
246 649 270 688 a.
284 633 359 689 Nulli
372 650 438 690 cura
450 634 505 688 fuit
517 640 647 690 externos
659 649 792 704 quaerere
807 635 898 702 divos,

329 739 389 776 oum
402 728 533 778 tremeret
545 725 638 792 patrio
651 724 774 791 pendula
787 723 870 778 turba
883 739 971 790 sacro,

294 827 385 865 annua
398 816 427 865 at
438 827 555 866 accenso
569 811 709 866 celebrare
723 812 826 866 Parilia
838 811 930 878 faeno,

329 900 423 969 qualia
436 917 507 954 nunc
521 906 599 954 curto
613 901 702 954 lustra
716 906 856 953 noventur
869 915 950 968 equo.

258 1023 286 1076 b.
300 1023 388 1077 Vesta
400 1023 541 1077 coronatis
554 1038 663 1092 pauper
674 1023 817 1090 gaudebat
831 1021 935 1090 asellis,

329 1111 468 1165 ducebant
481 1127 587 1166 macrae
600 1111 667 1165 vilis
681 1126 759 1164 sacra
771 1111 876 1178 boves3

293 1215 381 1268 parva
394 1200 514 1267 saginati
527 1201 685 1254 lustrabant
696 1201 818 1268 compita
830 1200 918 1268 porci,

328 1297 426 1356 pastor
438 1295 467 1342 ct
480 1289 516 1343 ad
529 1290 649 1343 calamos
663 1296 727 1343 exta
740 1289 840 1344 litabat
853 1289 925 1342 ovis.

258 1428 281 1464 e.
298 1412 423 1467 Verbera
435 1413 550 1479 pellitus
563 1417 674 1467 saetosa
687 1413 821 1466 movebat
833 1417 935 1480 arator,

329 1500 402 1554 unde
415 1500 501 1554 licens
514 1501 617 1555 Fabius
631 1517 709 1555 sacra
722 1501 853 1569 lupercus
867 1500 959 1554 habet.

293 1604 344 1642 nec
356 1588 434 1642 rudis
446 1587 555 1642 infestis
567 1587 647 1642 miles
660 1587 788 1642 radiabat
800 1587 829 1641 in
843 1587 942 1641 armis:

328 1676 483 1732 miscebant
495 1681 558 1732 usta
571 1677 679 1747 proelia
691 1677 767 1730 nuda
781 1675 858 1730 sude.

260 1800 286 1853 d.
300 1800 392 1854 Prima
404 1800 538 1868 galeritus
551 1800 648 1870 posuit
660 1799 803 1869 praetoria
817 1802 948 1868 Lycmon,

328 1904 482 1957 magnaque
496 1904 562 1957 pars
574 1888 656 1942 Tatio
670 1903 761 1942 rerum
774 1892 834 1942 crat
846 1887 919 1941 inter
933 1903 1009 1942 oves.

273 1962 275 1970 ’
294 1976 358 2030 hinc
369 1977 477 2032 Titiens
489 1978 665 2046 Ramnesque
679 1976 733 2030 viri
744 1977 920 2043 Luceresque
935 1975 1035 2044 coloni,

330 2070 462 2134 quattuor
474 2064 538 2119 hinc
552 2067 632 2120 albos
644 2065 781 2120 Romulus
794 2065 852 2134 egit
865 2079 961 2133 equos.

208 2281 237 2330 t‘.
252 2293 276 2330 a.
290 2277 336 2331 Nil
354 2277 475 2345 patrium
493 2277 548 2331 nisi
566 2291 667 2330 nomen
685 2275 771 2331 habet
789 2277 932 2330 Romanus
951 2275 1094 2330 alumnus:

330 2365 475 2433 sanguinis
488 2364 612 2420 altricem
625 2380 681 2419 non
694 2365 783 2434 pudet
795 2380 856 2420 esse
869 2365 971 2433 lupam.

295 2454 400 2522 optima
412 2454 549 2508 nutricum
562 2453 666 2508 nostris
678 2454 746 2523 lupa
757 2453 857 2508 Martia
868 2454 960 2520 rebus,

330 2543 423 2612 qualia
436 2547 583 2597 creverunt
595 2541 706 2598 moenia
717 2542 789 2598 lacte
802 2543 868 2596 tuo!

258 2665 285 2719 b.
299 2665 408 2720 Moenia
421 2682 539 2736 namque
552 2666 601 2736 pio
614 2682 700 2720 conor
713 2665 861 2734 disponere
876 2681 975 2720 versu:

329 2753 374 2809 hei
392 2755 460 2809 milri
479 2755 554 2824 quod
574 2761 670 2810 nostro
691 2759 734 2809 est
752 2770 857 2824 parvus
876 2754 904 2807 in
923 2770 971 2808 ore
985 2755 1086 2808 sonus!

294 2843 344 2898 sed
356 2849 448 2898 tamen
461 2843 562 2911 exiguo
576 2843 761 2912 quodcunque
775 2859 790 2898 e
803 2848 917 2911 pectore
932 2842 985 2896 rivi

330 2930 448 2999 fluxerit,
462 2931 515 2986 hoo
527 2931 634 2999 patriae
649 2931 753 2986 serviet
766 2947 845 2986 omne
860 2945 945 2986 meae.

258 3071 281 3107 e.
299 3055 407 3109 Ennius
420 3055 527 3109 hirsuta
539 3054 632 3122 cingat
645 3069 695 3108 sua
709 3054 782 3108 dicta
796 3069 915 3108 corona:

328 3143 365 3197 mi
377 3142 445 3197 folia
457 3159 492 3197 ex
503 3142 606 3197 hedera
618 3143 739 3211 porrige,
752 3141 868 3208 Bacche,
882 3146 939 3209 tua,

295 3236 326 3285 ut
338 3231 441 3286 nostris
454 3231 604 3287 tumefacta
616 3231 762 3301 superbiat
773 3229 888 3287 Umbria
901 3230 988 3298 libris,

328 3319 443 3375 Umbria
454 3319 573 3374 Romani
586 3320 678 3388 patria
692 3319 858 3375 Callimachi.

259 3444 286 3497 d.
299 3444 395 3510 Roma,
409 3443 480 3511 fave,
494 3443 547 3498 tibi
559 3443 649 3512 surgit
663 3457 751 3511 opus:
767 3443 831 3496 date
845 3441 963 3495 candida
976 3441 1052 3494 cives

329 3532 429 3600 omina,
442 3537 472 3586 et
483 3531 603 3600 inceptis
617 3532 732 3586 dextera
744 3535 838 3584 cantet
850 3529 919 3584 avis.

294 3636 373 3676 sacra
391 3619 506 3689 diesque
526 3636 622 3674 canam
639 3624 668 3674 et
681 3619 846 3688 cognomina
859 3618 952 3687 prisca
965 3617 1104 3671 locorum:

329 3708 380 3762 has
393 3724 472 3763 meus
485 3708 620 3762 admotas
634 3708 717 3762 sudet
729 3711 843 3776 oportet
855 3721 953 3776 equus.

635 4095 787 4164 Carmen
802 4096 855 4162 11.

190 4272 228 4328 A.
300 4272 373 4338 Quid
386 4273 484 4326 muare
497 4287 573 4326 meas
585 4277 629 4326 tot
640 4273 669 4326 iu
682 4287 739 4325 uno
752 4287 870 4340 corpore
883 4271 1006 4327 formas?

332 4361 426 4432 accipe
440 4361 586 4416 Vertumni
599 4360 679 4431 signa
692 4365 809 4430 paterna
822 4359 876 4418 dci.
