3258 5168
845 451 888 512 44

493 632 544 691 illo
559 633 633 704 uelit,
643 632 754 706 potnit
767 646 890 705 mounes
904 647 963 691 uon
978 633 1086 690 ducere
1098 633 1215 704 forrum

587 743 614 798 ct
628 738 753 797 voluento
768 738 844 796 44444
859 754 921 797 csse
935 753 1064 797 noverea
1079 739 1146 796 4414.

493 846 598 920 444444
614 849 649 915 et,
668 845 794 904 Collinas
809 846 852 903 od
862 846 977 917 fossam
992 845 1112 903 moocrtt
1127 843 1243 915 butue,

581 952 688 1010 stantia
704 951 834 1010 444444
849 951 1029 1010 diluerentur
1044 966 1132 1024 aquo.

314 1059 346 1119 et
362 1053 501 1139 primum
526 1051 655 1134 quidem
678 1059 744 1116 uelit
760 1057 872 1132 poterit
893 1057 1013 1115 monuit
1035 1050 1075 1114 do
1098 1058 1225 1116 mortua
1244 1051 1320 1117 lena
1344 1050 1426 1118 false

185 1201 198 1226 .
312 1164 513 1244 usurpantur.
559 1156 683 1223 accedit
699 1155 793 1241 quod,
809 1157 890 1222 sicut
906 1156 943 1240 V,
955 1162 982 1240 1,
1003 1161 1043 1222 33
1061 1157 1094 1220 in
1110 1177 1206 1223 versu
1222 1157 1426 1243 interpolato,

264 1250 268 1258 ¹
312 1267 363 1348 hic
386 1284 512 1348 quoque
543 1264 653 1350 inepte
682 1264 789 1350 posita
812 1270 861 1329 444
884 1269 991 1344 quippe
1014 1263 1171 1348 particula
1195 1269 1229 1327 ut
1251 1264 1297 1329 ita¹
1322 1262 1426 1330 dicam

312 1372 459 1454 causalis,
476 1391 657 1454 quaeorum
666 1390 750 1453 quae
765 1368 909 1437 indicata
924 1375 997 1435 sunt
1005 1370 1236 1455 expositionem
1245 1371 1426 1437 uberiorem

312 1479 485 1564 scriptores
501 1475 653 1544 inducere
669 1477 780 1544 solent
826 1497 881 1542 cur
896 1496 974 1544 vero
989 1474 1107 1542 herbas
1123 1475 1166 1541 ad
1183 1476 1302 1543 fossam
1319 1485 1427 1545 movet

236 1667 240 1674 Ι
310 1583 411 1650 lena?
451 1590 485 1648 ut
500 1583 700 1649 victimarum
722 1583 912 1667 sanguinem
929 1583 1005 1648 illuc
1020 1580 1198 1666 infundant,
1214 1584 1344 1650 scrobes
1360 1605 1426 1648 ma-

311 1692 403 1775 gicas
426 1689 640 1775 4114111414444
660 1690 770 1756 Horat.
787 1710 881 1755 serm.
898 1691 921 1774 Ι,
939 1695 967 1773 8,
983 1692 1127 1771 264444
1157 1688 1249 1755 Ovid.
1266 1696 1340 1755 met.
1357 1691 1427 1774 VII,

312 1801 376 1862 243
393 1816 460 1879 sqq.
492 1795 630 1878 denique
646 1803 755 1861 clantio
765 1795 968 1881 participium
984 1795 1062 1860 satis
1075 1795 1230 1881 explicari
1240 1797 1295 1862 vix
1310 1801 1425 1881 potest.

311 1921 484 1987 perperam
508 1903 593 1967 enim
617 1902 848 1984 Hertzbergius
880 1908 1034 1984 tanquam
1057 1900 1163 1984 rigida
1187 1908 1219 1966 44
1241 1901 1323 1966 dura
1345 1902 1426 1968 haec

251 2075 255 2084 ,
312 2007 443 2093 ac'cipit3
472 2027 555 2090 quae
571 2007 618 2073 ita
633 2029 697 2074 444
713 2008 822 2073 vocari
846 2007 1002 2091 videntur,
1025 2005 1225 2090 nisipaddita
1248 2009 1336 2075 velut
1358 2017 1426 2089 octo

312 2134 401 2198 voce,
423 2120 458 2178 ut
472 2113 560 2200 apud
576 2112 669 2210 Ovili.
686 2134 727 2179 ex
742 2114 843 2180 Ponto
859 2115 913 2199 IV,
938 2120 966 2198 7,
983 2119 1019 2197 8;
1047 2115 1156 2181 Horat.
1181 2135 1278 2180 carm.
1301 2117 1325 2198 Ι,
1350 2120 1380 2200 9,
1397 2121 1426 2180 4.

311 2241 386 2284 444
403 2240 486 2302 quae
502 2219 546 2284 ad
561 2220 598 2304 V,
618 2226 701 2305 44,4
727 2221 855 2304 collegit
877 2221 933 2287 ille
956 2221 1107 2306 exempla
1128 2242 1193 2287 non
1216 2221 1342 2306 rigoris,
1366 2221 1439 2306 sed¹

312 2326 488 2391 altitudinis
504 2326 665 2391 notionem
682 2346 762 2411 prae
785 2347 821 2392 44
837 2327 950 2392 ferunt
996 2326 1078 2393 haec
1093 2327 1192 2411 igitur
1207 2329 1281 2413 ipsa
1296 2327 1425 2394 firmare

312 2432 460 2500 videntur
475 2431 670 2499 Broukhusii
686 2433 869 2518 opinionem
885 2433 935 2498 cui
950 2441 1060 2499 stantia
1080 2454 1152 2502 esse
1169 2455 1361 2520 persuasum
1378 2441 1427 2502 444

313 2559 532 2622 quaecumque
554 2539 654 2625 'supra
677 2546 795 2606 terram
827 2540 1038 2623 promineant.
1084 2548 1117 2606 44
1143 2541 1223 2607 1444
1251 2542 1426 2627 explicatio
1481 2525 1489 2542 ’

313 2652 445 2732 propter
469 2652 704 2713 currentem
727 2667 845 2730 aquam
875 2646 953 2713 ferri
975 2647 1085 2731 nequit
1109 2648 1159 2713 cui
1181 2667 1245 2738 444
1268 2646 1343 2732 4144,
1367 2646 1427 2714 sed

314 2750 418 2818 solida
433 2751 627 2837 opponenda
643 2760 743 2818 erant.
781 2752 979 2837 relinquitur,
1003 2760 1037 2819 ut
1059 2760 1169 2819 4444444
1192 2772 1264 2819 4444
1281 2752 1426 2820 dicamus

313 2857 419 2923 firma:
448 2859 554 2924 obstat
570 2864 677 2923 tamen
693 2856 836 2925 diluendi
850 2859 984 2926 verbum
1008 2859 1058 2925 cui
1075 2879 1115 2926 ea
1136 2859 1241 2945 potius
1266 2861 1426 2925 contraria

329 2970 394 3050 444,
416 2985 498 3046 quae
514 2964 597 3030 inter
613 2985 648 3032 44
663 2965 737 3050 ipsa
753 2966 890 3033 materia
906 2965 1086 3050 cohaerent,
1109 2985 1204 3048 quam
1228 2985 1312 3048 quae
1335 2965 1426 3032 firme

314 3078 408 3138 44444.
440 3091 555 3156 parum
572 3071 668 3154 igitur
685 3069 872 3155 diligentem
887 3070 939 3137 hio
955 3091 1111 3155 agnosces
1128 3071 1314 3155 orationem,
1329 3093 1426 3154 quam

245 3191 249 3200 '
314 3178 504 3244 coniecturis
525 3176 612 3262 apud
628 3178 846 3242 Burmannum
862 3177 1005 3243 collectis
1025 3177 1230 3244 emendatam
1246 3177 1303 3244 vix
1319 3176 1425 3243 duces.

312 3292 484 3370 praeterea
506 3291 615 3350 autem
638 3303 737 3370 44444
760 3289 875 3348 natura
897 3284 970 3368 ipsa
993 3282 1064 3368 fert,
1081 3286 1122 3348 'ut
1142 3285 1261 3350 stantia
1276 3305 1363 3368 aqua
1378 3284 1425 3348 di-

313 3392 448 3455 luentur.
478 3391 635 3473 itaquene
643 3390 831 3456 miraculum
839 3388 979 3474 quidem,
996 3390 1090 3474 quale
1099 3389 1159 3455 hoc
1167 3391 1236 3456 loco
1244 3390 1426 3475 requiritur,

313 3519 342 3562 v.
363 3502 400 3561 12
418 3502 594 3562 enarratur.
639 3495 819 3580 eademque
842 3496 1024 3563 observatio
1048 3518 1088 3564 ex
1104 3502 1197 3583 parte
1213 3496 1322 3580 aliqua
1338 3497 1426 3563 valet

314 3603 410 3674 etiam
426 3603 503 3668 inv.
524 3607 571 3666 10.
603 3623 702 3685 quare
718 3624 779 3687 ego
795 3603 852 3668 hos
869 3623 981 3670 versus
997 3605 1051 3687 qui
1066 3624 1106 3670 44
1122 3603 1280 3669 amatoria
1296 3602 1426 3687 quidem

313 3710 407 3775 lenae
423 3707 560 3774 artificia
575 3709 741 3794 increpant
757 3709 956 3776 excluserim.

402 3815 540 3881 Ultimus
557 3814 702 3880 eiusdem
718 3815 859 3882 fabricae
876 3817 964 3882 locus
980 3821 1029 3882 est
1044 3817 1082 3900 V,
1099 3821 1118 3881 6
1135 3838 1186 3881 vv.
1201 3820 1243 3881 45
1260 3838 1323 3900 sq.:
1346 3838 1426 3900 quos

313 3921 358 3986 ita
374 3922 446 3986 libri
465 3920 630 3988 exhibent:

509 4039 537 4092 ct
550 4033 667 4092 tumturn
681 4034 769 4092 retnis
784 4035 893 4092 oodcnt
901 4051 1001 4111 prope
1016 4040 1100 4110 4444
1116 4035 1229 4093 Latinos

585 4140 724 4214 4444444
738 4143 765 4198 tc
778 4142 884 4215 fluctou
898 4142 984 4215 repta
999 4142 1064 4200 octo
1072 4142 1150 4215 poti.
1221 4185 1233 4217 ,

312 4237 397 4304 unde
413 4239 571 4324 Hauptius
588 4238 696 4306 verbis
713 4260 813 4323 usque
830 4240 872 4305 ad
881 4262 981 4322 prope
995 4240 1183 4306 vocabulum
1208 4261 1229 4304 a
1245 4242 1359 4306 ceteris
1377 4261 1426 4306 se-

314 4345 436 4431 paratis
446 4351 559 4431 444444
568 4345 696 4430 scripsit
706 4352 833 4412 Latinos.
864 4344 1019 4429 qucfacto
1029 4346 1117 4431 prius
1131 4345 1210 4410 illud
1227 4346 1426 4412 enuntiatum
