3258 5168
730 485 771 546 49

196 665 290 741 grata
314 657 473 725 brevitate
490 678 620 723 causam
641 657 737 723 affert
760 678 815 724 cur
838 658 1004 744 superbiat
1019 657 1163 745 Umbria,
1188 667 1309 726 temere

196 764 324 830 additus
342 764 478 831 videtur.
524 762 757 828 Callimachum
785 759 892 830 auteni
915 765 948 829 in
974 764 1091 828 αἰτίων
1115 766 1308 831 carminibus

195 878 386 954 argumenta
402 871 507 957 potius
524 868 566 936 ad
582 869 788 936 delectandos
797 891 892 954 quam
910 870 952 936 ad
962 871 1154 938 erudiendos
1170 873 1306 938 lectores

195 997 401 1062 comparasse
419 978 600 1043 etiamnunc
624 997 642 1042 e
665 977 809 1060 reliquiis
834 977 941 1061 colligi
964 979 1039 1044 licet
1063 979 1130 1059 (cfr.
1146 979 1309 1062 Dilthejus

107 1151 109 1154 ,
196 1082 236 1148 de
253 1083 440 1148 Callimachi
458 1082 630 1169 Cydippe).
676 1082 734 1151 sed
750 1085 855 1168 magis
867 1084 969 1150 etiam
985 1085 1018 1149 in
1034 1091 1147 1170 aperto
1165 1091 1214 1152 est
1230 1086 1308 1150 alte-

195 1211 264 1253 rum
281 1196 505 1274 argumentum
522 1210 563 1255 ex
585 1191 665 1276 ipsis
689 1191 882 1256 carminibus
907 1192 1052 1275 petitum.
1097 1192 1309 1275 nequeenim

195 1316 244 1379 ea,
267 1315 350 1378 quae
374 1296 414 1361 de
437 1297 526 1362 urbis
547 1296 668 1363 Romae
690 1299 767 1363 loois
784 1298 884 1364 sacris
900 1297 1017 1363 fabulis
1034 1293 1173 1380 antiquis
1190 1297 1310 1380 tradita

195 1409 295 1486 erant,
311 1402 506 1487 aPropertio
523 1410 558 1468 ut
573 1404 692 1469 iustum
709 1403 924 1485 antiquarium
937 1402 1134 1489 decetplene
1148 1405 1309 1489 planeque

195 1509 351 1593 exposita,
375 1507 432 1574 sed
457 1510 618 1594 epoetica
640 1509 791 1584 libertate
815 1516 847 1574 et
870 1510 920 1574 sui
943 1510 1044 1594 ipsius
1067 1510 1189 1593 ingenii
1213 1530 1309 1576 sensu

194 1614 363 1702 immutata
393 1616 610 1680 contaminata
641 1623 793 1700 excerpta
824 1621 905 1680 sunt.
958 1636 1055 1697 quam
1085 1636 1154 1681 rem
1185 1616 1308 1682 duobus

195 1720 352 1804 exemplis
374 1721 536 1787 illustrare
560 1722 674 1808 placet
729 1721 769 1787 de
794 1722 937 1805 Tarpeia
967 1722 1135 1806 vulgarem
1166 1722 1307 1788 fabulam

194 1826 293 1892 refert
307 1827 419 1892 Livius
443 1829 467 1912 Ι,
488 1834 535 1912 11,
560 1833 578 1894 6
596 1848 664 1911 sqq.
688 1829 721 1893 in
736 1829 819 1892 hunc
842 1825 989 1893 modum:
1026 1835 1151 1909 Spurius
1166 1835 1309 1910 Tarpeius

196 1938 349 1998 Romanae
364 1945 512 2014 praeerat
534 1941 606 1999 oret.
657 1941 742 1998 haias
760 1941 856 2012 filiam
879 1940 1020 2014 cirpiaem
1047 1956 1122 1999 caro
1150 1943 1310 2016 corrumpit

194 2043 302 2113 Totius,
332 2049 364 2102 at
394 2050 526 2104 armatos
554 2047 585 2104 ia
615 2060 715 2105 arcem
746 2047 881 2121 coaptat.
937 2062 1048 2121 aquom
1074 2047 1156 2118 sorte
1187 2063 1224 2106 co
1250 2053 1312 2105 tam·

193 2150 289 2207 sacris
305 2155 391 2208 extro
406 2151 520 2210 morato
528 2151 651 2225 petitam
666 2152 751 2212 term.
783 2153 895 2227 accepti
910 2152 1043 2211 obrutam
1052 2153 1142 2211 armis
1156 2168 1308 2224 necavere,

193 2269 244 2312 sea
259 2259 291 2312 at
305 2255 332 2313 ci
346 2262 435 2331 copto
447 2257 546 2330 potius
568 2247 628 2316 cra
646 2257 801 2328 rideretur,
823 2273 876 2315 scu
885 2258 1037 2332 prodendi
1060 2260 1185 2332 exempti
1206 2275 1308 2328 cuasa,

193 2375 231 2418 ac
246 2362 318 2434 quid
331 2377 453 2436 usquam
466 2364 560 2434 fidam
570 2363 720 2437 proditori
736 2368 816 2421 esset.
853 2363 976 2422 additur
987 2363 1113 2436 sabatae
1128 2366 1209 2438 quod
1222 2368 1307 2438 vulpe

194 2465 298 2525 Sabini
313 2483 422 2526 aureos
437 2469 569 2528 orrntttos
582 2470 683 2543 mopsi
691 2470 835 2543 ponderis
851 2468 991 2528 bracchio
1000 2472 1083 2529 tocco
1090 2475 1309 2545 pennatosque

193 2587 304 2646 mopao
327 2575 425 2649 specie
446 2577 552 2634 caulos
575 2573 746 2653 habaedat3
773 2576 923 2650 pepiptsse
944 2590 1008 2634 eom
1032 2577 1164 2650 paedia
1186 2577 1310 2636 datatrts

193 2677 327 2737 monitus
342 2678 498 2751 habacuc
515 2697 548 2741 co
563 2686 646 2740 scuto
661 2682 703 2740 tttt
711 2696 772 2756 pro
789 2683 888 2740 corea
904 2682 988 2741 donis
1003 2687 1150 2756 conperto.
1196 2676 1309 2760 hisque

194 2780 332 2845 narratis
348 2779 439 2845 addit
461 2792 528 2847 sant
546 2789 597 2861 pat
612 2803 676 2846 com
701 2802 740 2846 cx
756 2793 849 2862 pacto
873 2788 1013 2847 tradendi
1035 2789 1115 2863 qaod
1134 2789 1163 2846 tn
1186 2789 1310 2846 sinistris

193 2890 326 2950 mombar
342 2897 423 2963 esset,
448 2893 563 2952 doceto
588 2910 673 2952 omno
683 2895 793 2969 petisse
808 2895 909 2954 dicant
924 2899 951 2954 ct
962 2896 1077 2967 froude
1100 2895 1191 2953 visam
1216 2910 1308 2969 opero

193 3013 249 3056 suu
264 2999 358 3073 ipsum
367 3004 551 3074 peremptam
566 3001 708 3059 rreroedc.
754 2999 851 3077 atque
875 2993 957 3060 hanc
973 2993 1103 3076 quidem
1119 2995 1308 3078 interpreta-

193 3099 311 3163 tionem
343 3099 429 3165 illius
460 3101 616 3185 pactionis
649 3101 946 3184 excogitavit·Piso
978 3101 1141 3166 annalium
1173 3101 1309 3186 scriptor

193 3205 327 3270 miratus
351 3205 405 3271 ille
438 3227 494 3272 suo
526 3207 595 3272 iure
624 3206 708 3290 quod
732 3206 915 3293 proditricis
947 3206 1076 3291 puellae
1097 3208 1131 3270 in
1154 3206 1306 3271 honorem

193 3332 284 3378 mons
294 3313 452 3398 Tarpeius
468 3313 649 3379 nominatus
666 3319 752 3379 esset
768 3333 788 3377 a
803 3313 965 3378 Romanis.
996 3312 1029 3375 in
1045 3312 1184 3378 similem
1201 3318 1307 3376 autem

193 3418 409 3503 suspicionem
433 3419 531 3484 etiam
561 3426 669 3485 noster
692 3426 789 3504 pocta
813 3420 941 3487 vocavit
962 3420 1132 3502 vulgarem
1157 3417 1308 3502 fabulam,

194 3524 220 3590 si
245 3524 375 3608 quidem
401 3525 439 3608 V,
466 3531 485 3589 4
510 3546 562 3590 vv.
586 3530 626 3590 93
652 3545 699 3608 sq.
723 3546 822 3611 supra
845 3532 930 3591 recte
963 3533 995 3591 et
1018 3525 1251 3612 explicavimus
1276 3531 1308 3591 et

194 3630 444 3696 emendavimus.
491 3628 550 3696 sed
565 3637 673 3696 tamen
689 3632 807 3696 usitam
823 3632 1040 3699 narrationem
1063 3633 1233 3718 amplexus
1257 3652 1307 3696 ar-

192 3737 253 3802 mis
275 3737 422 3802 obrutam
451 3757 523 3803 esse
548 3738 723 3823 Tarpeiam
754 3736 842 3802 idem
873 3738 996 3803 rettulit
1018 3760 1047 3804 v.
1071 3743 1130 3821 9¹3
1168 3746 1201 3804 at
1225 3739 1307 3803 mira

193 3841 337 3926 proiecto
353 3844 408 3910 ille
432 3845 564 3910 ratione.
610 3845 695 3909 omni
720 3845 804 3910 enim
828 3845 975 3910 acumine
999 3865 1071 3909 cum
1095 3853 1204 3910 careat
1227 3844 1307 3910 haec

192 3968 254 4032 res,
277 3949 340 4015 nisi
364 3948 449 4033 quod
470 3951 503 4014 in
519 3950 655 4016 sinistris
672 3951 819 4016 manibus
843 3950 998 4015 haberent
1021 3949 1186 4016 aSabinis
1209 3957 1306 4035 pacta

194 4073 264 4119 esse
281 4054 396 4119 dicitur
412 4057 564 4139 Tarpeia,
580 4056 635 4121 ille
651 4075 762 4121 amore
771 4055 859 4120 Tatii
875 4054 1048 4121 adductam
1064 4076 1138 4122 esse
1154 4057 1306 4141 puellam,

194 4167 227 4222 ut
243 4179 351 4225 arcem
367 4160 510 4227 hostibus
527 4161 687 4246 proderet,
712 4162 846 4247 pulchra
862 4183 940 4228 sane
956 4164 1140 4228 narratione
1157 4162 1305 4248 exposuit

194 4270 256 4344 (vv.
273 4270 314 4331 29
332 4287 416 4350 sqq.;
445 4289 474 4332 r.
492 4271 563 4349 82).
609 4274 643 4334 at
665 4288 705 4333 ne
730 4269 802 4352 quis
825 4269 908 4334 hanc
927 4289 996 4334 rem
1019 4289 1158 4336 novasse
1174 4274 1303 4354 poetam

192 4371 366 4438 contendat
380 4394 444 4438 non
463 4395 520 4441 suo
536 4372 664 4460 iudicio,
687 4374 745 4441 sed
762 4375 870 4442 aliena
886 4377 1075 4451 auctoritate
1092 4375 1217 4530 tritum,
1240 4393 1305 4457 qua
