<?xml version="1.0" encoding="UTF-8"?>
<!DOCTYPE html PUBLIC "-//W3C//DTD XHTML 1.0 Transitional//EN"
    "http://www.w3.org/TR/xhtml1/DTD/xhtml1-transitional.dtd">
<html xmlns="http://www.w3.org/1999/xhtml" xml:lang="en" lang="en">
 <head>
  <title>
</title>
<meta http-equiv="Content-Type" content="text/html;charset=utf-8" />
  <meta name='ocr-system' content='tesseract 3.04.00' />
  <meta name='ocr-capabilities' content='ocr_page ocr_carea ocr_par ocr_line ocrx_word'/>
</head>
<body>
  <div class='ocr_page' id='page_1' title='image "./commentationesp00propgoog_0078.png"; bbox 0 0 3226 5162; ppageno 0'>
   <div class='ocr_carea' id='block_1_1' title="bbox 718 447 759 509">
    <p class='ocr_par' dir='ltr' id='par_1_1' title="bbox 718 447 759 509">
     <span class='ocr_line' id='line_1_1' title="bbox 718 447 759 509; baseline 0 0"><span class='ocrx_word' id='word_1_1' title='bbox 718 447 759 509; x_wconf 88' lang='grc'>69</span> 
     </span>
    </p>
   </div>
   <div class='ocr_carea' id='block_1_2' title="bbox 182 619 1297 1344">
    <p class='ocr_par' dir='ltr' id='par_1_2' title="bbox 182 619 1297 1344">
     <span class='ocr_line' id='line_1_2' title="bbox 183 619 1296 710; baseline -0.004 -19"><span class='ocrx_word' id='word_1_2' title='bbox 183 627 299 710; x_wconf 89' lang='lat' dir='ltr'>vulgus</span> <span class='ocrx_word' id='word_1_3' title='bbox 315 645 422 689; x_wconf 93' lang='lat' dir='ltr'>rumor</span> <span class='ocrx_word' id='word_1_4' title='bbox 438 644 489 688; x_wconf 92' lang='lat' dir='ltr'>vv.</span> <span class='ocrx_word' id='word_1_5' title='bbox 503 627 536 685; x_wconf 89' lang='lat'>11</span> <span class='ocrx_word' id='word_1_6' title='bbox 557 642 603 705; x_wconf 91' lang='lat' dir='ltr'>sq.</span> <span class='ocrx_word' id='word_1_7' title='bbox 616 619 823 704; x_wconf 84' lang='lat' dir='ltr'>significatur,</span> <span class='ocrx_word' id='word_1_8' title='bbox 839 641 891 685; x_wconf 90' lang='lat' dir='ltr'>vv.</span> <span class='ocrx_word' id='word_1_9' title='bbox 912 625 948 684; x_wconf 83' lang='lat'>19</span> <span class='ocrx_word' id='word_1_10' title='bbox 965 641 1012 702; x_wconf 93' lang='lat' dir='ltr'>sq.</span> <span class='ocrx_word' id='word_1_11' title='bbox 1028 619 1174 684; x_wconf 91' lang='lat' dir='ltr'>reicitur:</span> <span class='ocrx_word' id='word_1_12' title='bbox 1196 640 1296 703; x_wconf 91' lang='lat' dir='ltr'>quare</span> 
     </span>
     <span class='ocr_line' id='line_1_3' title="bbox 183 715 1297 816; baseline -0.004 -20"><span class='ocrx_word' id='word_1_13' title='bbox 183 733 240 798; x_wconf 91' lang='lat' dir='ltr'>hos</span> <span class='ocrx_word' id='word_1_14' title='bbox 257 732 317 798; x_wconf 91' lang='lat' dir='ltr'>sibi</span> <span class='ocrx_word' id='word_1_15' title='bbox 334 751 447 797; x_wconf 90' lang='lat' dir='ltr'>versus</span> <span class='ocrx_word' id='word_1_16' title='bbox 463 731 582 816; x_wconf 90' lang='lat' dir='ltr'>opponi</span> <span class='ocrx_word' id='word_1_17' title='bbox 607 715 810 794; x_wconf 82' lang='lat' dir='ltr'>manifestum</span> <span class='ocrx_word' id='word_1_18' title='bbox 828 734 885 792; x_wconf 90' lang='lat' dir='ltr'>est.</span> <span class='ocrx_word' id='word_1_19' title='bbox 930 727 964 790; x_wconf 90' lang='lat' dir='ltr'>in</span> <span class='ocrx_word' id='word_1_20' title='bbox 987 726 1094 792; x_wconf 92' lang='lat' dir='ltr'>medio</span> <span class='ocrx_word' id='word_1_21' title='bbox 1118 732 1225 792; x_wconf 88' lang='lat' dir='ltr'>autem</span> <span class='ocrx_word' id='word_1_22' title='bbox 1242 749 1297 793; x_wconf 91' lang='lat' dir='ltr'>cur</span> 
     </span>
     <span class='ocr_line' id='line_1_4' title="bbox 182 834 1296 926; baseline -0.002 -23"><span class='ocrx_word' id='word_1_23' title='bbox 182 859 356 926; x_wconf 81' lang='lat' dir='ltr'>perperam</span> <span class='ocrx_word' id='word_1_24' title='bbox 372 836 413 902; x_wconf 92' lang='lat' dir='ltr'>de</span> <span class='ocrx_word' id='word_1_25' title='bbox 429 837 557 901; x_wconf 91' lang='lat' dir='ltr'>nomine</span> <span class='ocrx_word' id='word_1_26' title='bbox 574 856 631 901; x_wconf 91' lang='lat' dir='ltr'>suo</span> <span class='ocrx_word' id='word_1_27' title='bbox 649 835 799 900; x_wconf 88' lang='lat' dir='ltr'>statuerit</span> <span class='ocrx_word' id='word_1_28' title='bbox 807 834 895 898; x_wconf 89' lang='lat' dir='ltr'>fama</span> <span class='ocrx_word' id='word_1_29' title='bbox 911 839 959 898; x_wconf 93' lang='lat' dir='ltr'>ter</span> <span class='ocrx_word' id='word_1_30' title='bbox 967 835 1132 916; x_wconf 91' lang='lat' dir='ltr'>quaternis</span> <span class='ocrx_word' id='word_1_31' title='bbox 1149 835 1296 901; x_wconf 89' lang='lat' dir='ltr'>versibus</span> 
     </span>
     <span class='ocr_line' id='line_1_5' title="bbox 184 942 1297 1029; baseline -0.004 -19"><span class='ocrx_word' id='word_1_32' title='bbox 184 945 313 1029; x_wconf 85' lang='lat' dir='ltr'>exponit</span> <span class='ocrx_word' id='word_1_33' title='bbox 321 945 525 1028; x_wconf 83' lang='lat' dir='ltr'>Vertumnus,</span> <span class='ocrx_word' id='word_1_34' title='bbox 541 942 693 1026; x_wconf 88' lang='lat' dir='ltr'>quoniam</span> <span class='ocrx_word' id='word_1_35' title='bbox 710 942 911 1007; x_wconf 90' lang='lat' dir='ltr'>continentur</span> <span class='ocrx_word' id='word_1_36' title='bbox 923 962 974 1007; x_wconf 92' lang='lat' dir='ltr'>vv.</span> <span class='ocrx_word' id='word_1_37' title='bbox 987 946 1075 1004; x_wconf 86' lang='lat'>15—</span> <span class='ocrx_word' id='word_1_38' title='bbox 1085 945 1123 1007; x_wconf 88' lang='lat'>18</span> <span class='ocrx_word' id='word_1_39' title='bbox 1133 942 1297 1026; x_wconf 81' lang='lat' dir='ltr'>anaphora</span> 
     </span>
     <span class='ocr_line' id='line_1_6' title="bbox 184 1049 1296 1134; baseline -0.004 -16"><span class='ocrx_word' id='word_1_40' title='bbox 184 1059 225 1132; x_wconf 89' lang='lat' dir='ltr'>(v.</span> <span class='ocrx_word' id='word_1_41' title='bbox 244 1058 282 1117; x_wconf 88' lang='lat'>15</span> <span class='ocrx_word' id='word_1_42' title='bbox 299 1058 427 1134; x_wconf 77' lang='lat' dir='ltr'>bic-bic,</span> <span class='ocrx_word' id='word_1_43' title='bbox 444 1072 472 1116; x_wconf 92' lang='lat' dir='ltr'>v.</span> <span class='ocrx_word' id='word_1_44' title='bbox 488 1056 524 1115; x_wconf 85' lang='lat'>17</span> <span class='ocrx_word' id='word_1_45' title='bbox 541 1056 609 1133; x_wconf 73' lang='lat' dir='ltr'>laic),</span> <span class='ocrx_word' id='word_1_46' title='bbox 625 1070 676 1115; x_wconf 93' lang='lat' dir='ltr'>vv.</span> <span class='ocrx_word' id='word_1_47' title='bbox 687 1053 727 1113; x_wconf 86' lang='grc'>45</span> <span class='ocrx_word' id='word_1_48' title='bbox 744 1053 832 1131; x_wconf 87' lang='lat' dir='ltr'>sqet</span> <span class='ocrx_word' id='word_1_49' title='bbox 851 1052 888 1113; x_wconf 86' lang='lat'>13</span> <span class='ocrx_word' id='word_1_50' title='bbox 907 1067 953 1131; x_wconf 90' lang='lat' dir='ltr'>sq.</span> <span class='ocrx_word' id='word_1_51' title='bbox 969 1049 1156 1132; x_wconf 83' lang='lat' dir='ltr'>pronomine</span> <span class='ocrx_word' id='word_1_52' title='bbox 1173 1049 1296 1134; x_wconf 86' lang='lat' dir='ltr'>primae</span> 
     </span>
     <span class='ocr_line' id='line_1_7' title="bbox 183 1159 1291 1246; baseline -0.005 -22"><span class='ocrx_word' id='word_1_53' title='bbox 183 1178 340 1246; x_wconf 90' lang='lat' dir='ltr'>personae</span> <span class='ocrx_word' id='word_1_54' title='bbox 362 1162 403 1238; x_wconf 85' lang='lat' dir='ltr'>(v.</span> <span class='ocrx_word' id='word_1_55' title='bbox 419 1162 461 1223; x_wconf 86' lang='grc'>46</span> <span class='ocrx_word' id='word_1_56' title='bbox 478 1163 628 1238; x_wconf 77' lang='lat' dir='ltr'>impositus</span> <span class='ocrx_word' id='word_1_57' title='bbox 640 1163 737 1236; x_wconf 78' lang='lat' dir='ltr'>fronti</span> <span class='ocrx_word' id='word_1_58' title='bbox 750 1177 850 1232; x_wconf 84' lang='lat' dir='ltr'>meoc;</span> <span class='ocrx_word' id='word_1_59' title='bbox 873 1176 903 1220; x_wconf 91' lang='lat' dir='ltr'>v.</span> <span class='ocrx_word' id='word_1_60' title='bbox 913 1160 950 1220; x_wconf 88' lang='lat'>13</span> <span class='ocrx_word' id='word_1_61' title='bbox 967 1159 1037 1219; x_wconf 79' lang='lat' dir='ltr'>mibi</span> <span class='ocrx_word' id='word_1_62' title='bbox 1051 1161 1169 1240; x_wconf 64' lang='lat' dir='ltr'>vocab,</span> <span class='ocrx_word' id='word_1_63' title='bbox 1186 1176 1238 1221; x_wconf 92' lang='lat' dir='ltr'>vv.</span> <span class='ocrx_word' id='word_1_64' title='bbox 1256 1160 1291 1220; x_wconf 88' lang='grc'>41</span> 
     </span>
     <span class='ocr_line' id='line_1_8' title="bbox 185 1259 1296 1344; baseline -0.002 -16"><span class='ocrx_word' id='word_1_65' title='bbox 185 1304 225 1312; x_wconf 91' lang='grc'>-</span> <span class='ocrx_word' id='word_1_66' title='bbox 243 1269 285 1330; x_wconf 95' lang='grc'>44</span> <span class='ocrx_word' id='word_1_67' title='bbox 302 1264 558 1330; x_wconf 88' lang='lat' dir='ltr'>commemoratis</span> <span class='ocrx_word' id='word_1_68' title='bbox 575 1285 604 1329; x_wconf 89' lang='lat' dir='ltr'>v.</span> <span class='ocrx_word' id='word_1_69' title='bbox 622 1267 662 1327; x_wconf 89' lang='grc'>43</span> <span class='ocrx_word' id='word_1_70' title='bbox 687 1262 850 1328; x_wconf 89' lang='lat' dir='ltr'>hortorum</span> <span class='ocrx_word' id='word_1_71' title='bbox 874 1259 1029 1326; x_wconf 80' lang='lat' dir='ltr'>fructibus</span> <span class='ocrx_word' id='word_1_72' title='bbox 1050 1282 1130 1344; x_wconf 90' lang='lat' dir='ltr'>quos</span> <span class='ocrx_word' id='word_1_73' title='bbox 1146 1284 1175 1328; x_wconf 95' lang='lat' dir='ltr'>v.</span> <span class='ocrx_word' id='word_1_74' title='bbox 1193 1266 1234 1327; x_wconf 83' lang='lat'>42</span> <span class='ocrx_word' id='word_1_75' title='bbox 1250 1263 1296 1326; x_wconf 90' lang='lat' dir='ltr'>in-</span> 
     </span>
    </p>
   </div>
   <div class='ocr_carea' id='block_1_3' title="bbox 183 1368 1398 1454">
    <p class='ocr_par' dir='ltr' id='par_1_3' title="bbox 183 1368 1398 1454">
     <span class='ocr_line' id='line_1_9' title="bbox 183 1368 1398 1454; baseline -0.002 -19"><span class='ocrx_word' id='word_1_76' title='bbox 183 1372 277 1436; x_wconf 92' lang='lat' dir='ltr'>dicat.</span> <span class='ocrx_word' id='word_1_77' title='bbox 323 1370 436 1436; x_wconf 92' lang='lat' dir='ltr'>similis</span> <span class='ocrx_word' id='word_1_78' title='bbox 461 1370 558 1435; x_wconf 93' lang='lat' dir='ltr'>etiam</span> <span class='ocrx_word' id='word_1_79' title='bbox 582 1370 713 1436; x_wconf 90' lang='lat' dir='ltr'>alterius</span> <span class='ocrx_word' id='word_1_80' title='bbox 745 1368 786 1434; x_wconf 91' lang='lat' dir='ltr'>de</span> <span class='ocrx_word' id='word_1_81' title='bbox 810 1388 889 1434; x_wconf 90' lang='lat' dir='ltr'>vera</span> <span class='ocrx_word' id='word_1_82' title='bbox 917 1369 1053 1433; x_wconf 90' lang='lat' dir='ltr'>nominis</span> <span class='ocrx_word' id='word_1_83' title='bbox 1081 1369 1296 1454; x_wconf 77' lang='lat' dir='ltr'>explicatione</span> <span class='ocrx_word' id='word_1_84' title='bbox 1397 1385 1398 1389; x_wconf 73' lang='grc'>’</span> 
     </span>
    </p>
   </div>
   <div class='ocr_carea' id='block_1_4' title="bbox 158 1475 1297 2628">
    <p class='ocr_par' dir='ltr' id='par_1_4' title="bbox 158 1475 1297 2628">
     <span class='ocr_line' id='line_1_10' title="bbox 184 1475 1296 1563; baseline -0.004 -21"><span class='ocrx_word' id='word_1_85' title='bbox 184 1478 283 1563; x_wconf 91' lang='lat' dir='ltr'>partis</span> <span class='ocrx_word' id='word_1_86' title='bbox 308 1483 357 1543; x_wconf 89' lang='lat' dir='ltr'>est</span> <span class='ocrx_word' id='word_1_87' title='bbox 380 1475 557 1561; x_wconf 83' lang='lat' dir='ltr'>dispositio.</span> <span class='ocrx_word' id='word_1_88' title='bbox 603 1476 687 1541; x_wconf 89' lang='lat' dir='ltr'>binis</span> <span class='ocrx_word' id='word_1_89' title='bbox 712 1475 796 1541; x_wconf 89' lang='lat' dir='ltr'>enim</span> <span class='ocrx_word' id='word_1_90' title='bbox 819 1475 967 1541; x_wconf 89' lang='lat' dir='ltr'>versibus</span> <span class='ocrx_word' id='word_1_91' title='bbox 985 1480 1047 1554; x_wconf 86' lang='lat' dir='ltr'>(vv.</span> <span class='ocrx_word' id='word_1_92' title='bbox 1063 1479 1101 1539; x_wconf 85' lang='grc'>21</span> <span class='ocrx_word' id='word_1_93' title='bbox 1131 1495 1177 1558; x_wconf 92' lang='lat' dir='ltr'>sq.</span> <span class='ocrx_word' id='word_1_94' title='bbox 1193 1480 1226 1540; x_wconf 89' lang='lat' dir='ltr'>et</span> <span class='ocrx_word' id='word_1_95' title='bbox 1245 1497 1296 1542; x_wconf 92' lang='lat' dir='ltr'>vv.</span> 
     </span>
     <span class='ocr_line' id='line_1_11' title="bbox 183 1581 1297 1669; baseline -0.004 -21"><span class='ocrx_word' id='word_1_96' title='bbox 183 1590 224 1650; x_wconf 88' lang='grc'>47</span> <span class='ocrx_word' id='word_1_97' title='bbox 243 1590 302 1667; x_wconf 87' lang='lat' dir='ltr'>sq.)</span> <span class='ocrx_word' id='word_1_98' title='bbox 319 1589 543 1666; x_wconf 83' lang='lat' dir='ltr'>argumentum</span> <span class='ocrx_word' id='word_1_99' title='bbox 559 1583 781 1669; x_wconf 90' lang='lat' dir='ltr'>pronuntiatur</span> <span class='ocrx_word' id='word_1_100' title='bbox 797 1590 829 1648; x_wconf 93' lang='lat' dir='ltr'>et</span> <span class='ocrx_word' id='word_1_101' title='bbox 845 1583 1030 1648; x_wconf 84' lang='lat' dir='ltr'>absolvitur.</span> <span class='ocrx_word' id='word_1_102' title='bbox 1068 1588 1101 1648; x_wconf 92' lang='lat' dir='ltr'>at</span> <span class='ocrx_word' id='word_1_103' title='bbox 1117 1581 1297 1667; x_wconf 81' lang='lat' dir='ltr'>interpositi</span> 
     </span>
     <span class='ocr_line' id='line_1_12' title="bbox 184 1685 1297 1775; baseline -0.005 -17"><span class='ocrx_word' id='word_1_104' title='bbox 184 1697 257 1758; x_wconf 91' lang='lat' dir='ltr'>sunt</span> <span class='ocrx_word' id='word_1_105' title='bbox 279 1712 342 1756; x_wconf 91' lang='lat' dir='ltr'>non</span> <span class='ocrx_word' id='word_1_106' title='bbox 372 1697 421 1755; x_wconf 91' lang='lat' dir='ltr'>ter</span> <span class='ocrx_word' id='word_1_107' title='bbox 442 1691 596 1775; x_wconf 81' lang='lat' dir='ltr'>quaterni,</span> <span class='ocrx_word' id='word_1_108' title='bbox 627 1690 684 1756; x_wconf 91' lang='lat' dir='ltr'>scd</span> <span class='ocrx_word' id='word_1_109' title='bbox 705 1697 755 1755; x_wconf 92' lang='lat' dir='ltr'>ter</span> <span class='ocrx_word' id='word_1_110' title='bbox 781 1690 850 1756; x_wconf 92' lang='lat' dir='ltr'>seni</span> <span class='ocrx_word' id='word_1_111' title='bbox 873 1710 1002 1772; x_wconf 79' lang='lat' dir='ltr'>versus3</span> <span class='ocrx_word' id='word_1_112' title='bbox 1039 1708 1135 1772; x_wconf 94' lang='lat' dir='ltr'>quem</span> <span class='ocrx_word' id='word_1_113' title='bbox 1167 1685 1297 1771; x_wconf 91' lang='lat' dir='ltr'>quidem</span> 
     </span>
     <span class='ocr_line' id='line_1_13' title="bbox 185 1794 1296 1881; baseline -0.005 -17"><span class='ocrx_word' id='word_1_114' title='bbox 185 1817 335 1864; x_wconf 90' lang='lat' dir='ltr'>versuum</span> <span class='ocrx_word' id='word_1_115' title='bbox 350 1818 516 1862; x_wconf 90' lang='lat' dir='ltr'>numerum</span> <span class='ocrx_word' id='word_1_116' title='bbox 533 1796 628 1881; x_wconf 91' lang='lat' dir='ltr'>paulo</span> <span class='ocrx_word' id='word_1_117' title='bbox 644 1798 799 1863; x_wconf 91' lang='lat' dir='ltr'>maiorem</span> <span class='ocrx_word' id='word_1_118' title='bbox 816 1801 943 1870; x_wconf 80' lang='lat' dir='ltr'>servato</span> <span class='ocrx_word' id='word_1_119' title='bbox 961 1794 1075 1861; x_wconf 89' lang='lat' dir='ltr'>eodem</span> <span class='ocrx_word' id='word_1_120' title='bbox 1092 1795 1296 1881; x_wconf 87' lang='lat' dir='ltr'>stropharum</span> 
     </span>
     <span class='ocr_line' id='line_1_14' title="bbox 183 1901 1297 1988; baseline 0 -20"><span class='ocrx_word' id='word_1_121' title='bbox 183 1925 315 1970; x_wconf 87' lang='lat' dir='ltr'>nurnero</span> <span class='ocrx_word' id='word_1_122' title='bbox 340 1905 514 1970; x_wconf 90' lang='lat' dir='ltr'>Vertumno</span> <span class='ocrx_word' id='word_1_123' title='bbox 544 1905 609 1968; x_wconf 90' lang='lat' dir='ltr'>iam</span> <span class='ocrx_word' id='word_1_124' title='bbox 641 1926 731 1969; x_wconf 90' lang='lat' dir='ltr'>suam</span> <span class='ocrx_word' id='word_1_125' title='bbox 763 1904 955 1970; x_wconf 91' lang='lat' dir='ltr'>sententiam</span> <span class='ocrx_word' id='word_1_126' title='bbox 983 1901 1158 1988; x_wconf 78' lang='lat' dir='ltr'>proferenti</span> <span class='ocrx_word' id='word_1_127' title='bbox 1183 1903 1297 1986; x_wconf 88' lang='lat' dir='ltr'>quivis,</span> 
     </span>
     <span class='ocr_line' id='line_1_15' title="bbox 184 2008 1296 2098; baseline -0.004 -22"><span class='ocrx_word' id='word_1_128' title='bbox 184 2017 271 2098; x_wconf 88' lang='lat' dir='ltr'>puto,</span> <span class='ocrx_word' id='word_1_129' title='bbox 294 2010 389 2076; x_wconf 89' lang='lat' dir='ltr'>facile</span> <span class='ocrx_word' id='word_1_130' title='bbox 414 2010 574 2095; x_wconf 87' lang='lat' dir='ltr'>concedet,</span> <span class='ocrx_word' id='word_1_131' title='bbox 597 2011 788 2095; x_wconf 89' lang='lat' dir='ltr'>praesertim</span> <span class='ocrx_word' id='word_1_132' title='bbox 809 2031 881 2075; x_wconf 93' lang='lat' dir='ltr'>cum</span> <span class='ocrx_word' id='word_1_133' title='bbox 897 2031 938 2075; x_wconf 90' lang='lat' dir='ltr'>ne</span> <span class='ocrx_word' id='word_1_134' title='bbox 953 2010 1005 2074; x_wconf 92' lang='lat' dir='ltr'>hic</span> <span class='ocrx_word' id='word_1_135' title='bbox 1022 2008 1151 2092; x_wconf 91' lang='lat' dir='ltr'>quidem</span> <span class='ocrx_word' id='word_1_136' title='bbox 1169 2016 1296 2092; x_wconf 89' lang='lat' dir='ltr'>quater-</span> 
     </span>
     <span class='ocr_line' id='line_1_16' title="bbox 184 2116 1296 2202; baseline -0.002 -20"><span class='ocrx_word' id='word_1_137' title='bbox 184 2118 293 2184; x_wconf 86' lang='lat' dir='ltr'>narius</span> <span class='ocrx_word' id='word_1_138' title='bbox 308 2137 460 2183; x_wconf 88' lang='lat' dir='ltr'>numerus</span> <span class='ocrx_word' id='word_1_139' title='bbox 477 2137 607 2202; x_wconf 88' lang='lat' dir='ltr'>prorsus</span> <span class='ocrx_word' id='word_1_140' title='bbox 622 2117 788 2200; x_wconf 88' lang='lat' dir='ltr'>neglectus</span> <span class='ocrx_word' id='word_1_141' title='bbox 805 2118 854 2184; x_wconf 92' lang='lat' dir='ltr'>sit.</span> <span class='ocrx_word' id='word_1_142' title='bbox 899 2116 933 2181; x_wconf 88' lang='lat' dir='ltr'>in</span> <span class='ocrx_word' id='word_1_143' title='bbox 948 2117 1038 2182; x_wconf 89' lang='lat' dir='ltr'>initio</span> <span class='ocrx_word' id='word_1_144' title='bbox 1056 2117 1140 2182; x_wconf 88' lang='lat' dir='ltr'>enirn</span> <span class='ocrx_word' id='word_1_145' title='bbox 1157 2123 1229 2181; x_wconf 87' lang='lat' dir='ltr'>cu&#39;m</span> <span class='ocrx_word' id='word_1_146' title='bbox 1245 2139 1296 2181; x_wconf 91' lang='lat' dir='ltr'>vv.</span> 
     </span>
     <span class='ocr_line' id='line_1_17' title="bbox 186 2222 1297 2310; baseline -0.004 -21"><span class='ocrx_word' id='word_1_147' title='bbox 186 2229 225 2290; x_wconf 89' lang='grc'>23</span> <span class='ocrx_word' id='word_1_148' title='bbox 237 2229 328 2290; x_wconf 89' lang='grc'>-26</span> <span class='ocrx_word' id='word_1_149' title='bbox 345 2224 545 2310; x_wconf 89' lang='lat' dir='ltr'>imperativis</span> <span class='ocrx_word' id='word_1_150' title='bbox 563 2225 790 2307; x_wconf 75' lang='lat' dir='ltr'>contineantur,</span> <span class='ocrx_word' id='word_1_151' title='bbox 806 2223 855 2288; x_wconf 91' lang='lat' dir='ltr'>his</span> <span class='ocrx_word' id='word_1_152' title='bbox 867 2223 1050 2289; x_wconf 82' lang='lat' dir='ltr'>&#39;adiciuntur</span> <span class='ocrx_word' id='word_1_153' title='bbox 1067 2245 1116 2289; x_wconf 93' lang='lat' dir='ltr'>vv.</span> <span class='ocrx_word' id='word_1_154' title='bbox 1127 2227 1168 2288; x_wconf 84' lang='lat'>27</span> <span class='ocrx_word' id='word_1_155' title='bbox 1179 2243 1225 2304; x_wconf 90' lang='lat' dir='ltr'>sq.</span> <span class='ocrx_word' id='word_1_156' title='bbox 1242 2222 1297 2305; x_wconf 93' lang='lat' dir='ltr'>qui</span> 
     </span>
     <span class='ocr_line' id='line_1_18' title="bbox 185 2328 1297 2418; baseline -0.004 -23"><span class='ocrx_word' id='word_1_157' title='bbox 185 2337 316 2418; x_wconf 87' lang='lat' dir='ltr'>propter</span> <span class='ocrx_word' id='word_1_158' title='bbox 332 2331 470 2397; x_wconf 90' lang='lat' dir='ltr'>similem</span> <span class='ocrx_word' id='word_1_159' title='bbox 493 2331 572 2396; x_wconf 90' lang='lat' dir='ltr'>inv.</span> <span class='ocrx_word' id='word_1_160' title='bbox 590 2335 630 2396; x_wconf 88' lang='grc'>28</span> <span class='ocrx_word' id='word_1_161' title='bbox 649 2337 681 2396; x_wconf 91' lang='lat' dir='ltr'>ct</span> <span class='ocrx_word' id='word_1_162' title='bbox 697 2335 738 2396; x_wconf 83' lang='lat'>26</span> <span class='ocrx_word' id='word_1_163' title='bbox 755 2330 945 2396; x_wconf 91' lang='lat' dir='ltr'>sententiam</span> <span class='ocrx_word' id='word_1_164' title='bbox 970 2330 1010 2395; x_wconf 92' lang='lat' dir='ltr'>ab</span> <span class='ocrx_word' id='word_1_165' title='bbox 1034 2330 1097 2395; x_wconf 89' lang='lat' dir='ltr'>illis</span> <span class='ocrx_word' id='word_1_166' title='bbox 1122 2328 1297 2414; x_wconf 87' lang='lat' dir='ltr'>separandi</span> 
     </span>
     <span class='ocr_line' id='line_1_19' title="bbox 158 2436 1296 2521; baseline 0.002 -24"><span class='ocrx_word' id='word_1_167' title='bbox 158 2491 161 2497; x_wconf 91' lang='grc'><em>,</em></span> <span class='ocrx_word' id='word_1_168' title='bbox 185 2459 248 2503; x_wconf 92' lang='lat' dir='ltr'>non</span> <span class='ocrx_word' id='word_1_169' title='bbox 264 2445 346 2504; x_wconf 91' lang='lat' dir='ltr'>sunt.</span> <span class='ocrx_word' id='word_1_170' title='bbox 381 2438 638 2521; x_wconf 91' lang='lat' dir='ltr'>insequentibus</span> <span class='ocrx_word' id='word_1_171' title='bbox 655 2443 762 2502; x_wconf 88' lang='lat' dir='ltr'>autern</span> <span class='ocrx_word' id='word_1_172' title='bbox 779 2436 859 2503; x_wconf 92' lang='lat' dir='ltr'>duos</span> <span class='ocrx_word' id='word_1_173' title='bbox 876 2458 927 2503; x_wconf 90' lang='lat' dir='ltr'>vv.</span> <span class='ocrx_word' id='word_1_174' title='bbox 943 2439 984 2503; x_wconf 87' lang='grc'>29</span> <span class='ocrx_word' id='word_1_175' title='bbox 1003 2457 1049 2521; x_wconf 91' lang='lat' dir='ltr'>sq.</span> <span class='ocrx_word' id='word_1_176' title='bbox 1066 2436 1228 2521; x_wconf 85' lang='lat' dir='ltr'>excipiunt</span> <span class='ocrx_word' id='word_1_177' title='bbox 1245 2457 1296 2501; x_wconf 90' lang='lat' dir='ltr'>vv.</span> 
     </span>
     <span class='ocr_line' id='line_1_20' title="bbox 186 2543 1297 2628; baseline -0.005 -17"><span class='ocrx_word' id='word_1_178' title='bbox 186 2551 223 2611; x_wconf 87' lang='lat'>31</span> <span class='ocrx_word' id='word_1_179' title='bbox 238 2549 329 2611; x_wconf 88' lang='grc'>-34</span> <span class='ocrx_word' id='word_1_180' title='bbox 346 2544 478 2611; x_wconf 92' lang='lat' dir='ltr'>deorum</span> <span class='ocrx_word' id='word_1_181' title='bbox 495 2565 574 2627; x_wconf 93' lang='lat' dir='ltr'>quos</span> <span class='ocrx_word' id='word_1_182' title='bbox 597 2543 716 2608; x_wconf 91' lang='lat' dir='ltr'>imitari</span> <span class='ocrx_word' id='word_1_183' title='bbox 738 2563 773 2610; x_wconf 91' lang='lat' dir='ltr'>se</span> <span class='ocrx_word' id='word_1_184' title='bbox 795 2563 891 2628; x_wconf 88' lang='lat' dir='ltr'>posse</span> <span class='ocrx_word' id='word_1_185' title='bbox 908 2544 1101 2610; x_wconf 87' lang='lat' dir='ltr'>Vertumnus</span> <span class='ocrx_word' id='word_1_186' title='bbox 1126 2543 1297 2610; x_wconf 86' lang='lat' dir='ltr'>adseverat</span> 
     </span>
    </p>
   </div>
   <div class='ocr_carea' id='block_1_5' title="bbox 184 2650 1299 3378">
    <p class='ocr_par' dir='ltr' id='par_1_5' title="bbox 184 2650 1299 3378">
     <span class='ocr_line' id='line_1_21' title="bbox 184 2650 1298 2737; baseline -0.003 -20"><span class='ocrx_word' id='word_1_187' title='bbox 184 2651 364 2717; x_wconf 90' lang='lat' dir='ltr'>nominibus</span> <span class='ocrx_word' id='word_1_188' title='bbox 396 2652 517 2718; x_wconf 84' lang='lat' dir='ltr'>conexi.</span> <span class='ocrx_word' id='word_1_189' title='bbox 574 2651 689 2733; x_wconf 84' lang='lat' dir='ltr'>reliqui</span> <span class='ocrx_word' id='word_1_190' title='bbox 720 2671 832 2718; x_wconf 90' lang='lat' dir='ltr'>versus</span> <span class='ocrx_word' id='word_1_191' title='bbox 865 2652 980 2716; x_wconf 87' lang='lat' dir='ltr'>iterum</span> <span class='ocrx_word' id='word_1_192' title='bbox 1013 2651 1059 2716; x_wconf 91' lang='lat' dir='ltr'>sio</span> <span class='ocrx_word' id='word_1_193' title='bbox 1087 2650 1298 2737; x_wconf 87' lang='lat' dir='ltr'>probabiliter</span> 
     </span>
     <span class='ocr_line' id='line_1_22' title="bbox 186 2757 1297 2843; baseline -0.001 -21"><span class='ocrx_word' id='word_1_194' title='bbox 186 2758 423 2842; x_wconf 87' lang='lat' dir='ltr'>distribuuntur,</span> <span class='ocrx_word' id='word_1_195' title='bbox 453 2765 487 2823; x_wconf 91' lang='lat' dir='ltr'>ut</span> <span class='ocrx_word' id='word_1_196' title='bbox 510 2764 658 2841; x_wconf 91' lang='lat' dir='ltr'>quattuor</span> <span class='ocrx_word' id='word_1_197' title='bbox 681 2778 795 2824; x_wconf 90' lang='lat' dir='ltr'>versus</span> <span class='ocrx_word' id='word_1_198' title='bbox 819 2757 943 2823; x_wconf 92' lang='lat' dir='ltr'>duobus</span> <span class='ocrx_word' id='word_1_199' title='bbox 967 2757 1172 2843; x_wconf 89' lang='lat' dir='ltr'>praecedant.</span> <span class='ocrx_word' id='word_1_200' title='bbox 1219 2777 1297 2839; x_wconf 87' lang='lat' dir='ltr'>ergo</span> 
     </span>
     <span class='ocr_line' id='line_1_23' title="bbox 185 2864 1297 2952; baseline -0.004 -20"><span class='ocrx_word' id='word_1_201' title='bbox 185 2866 319 2950; x_wconf 92' lang='lat' dir='ltr'>singulis</span> <span class='ocrx_word' id='word_1_202' title='bbox 335 2864 384 2932; x_wconf 91' lang='lat' dir='ltr'>his</span> <span class='ocrx_word' id='word_1_203' title='bbox 400 2866 539 2952; x_wconf 91' lang='lat' dir='ltr'>strophis</span> <span class='ocrx_word' id='word_1_204' title='bbox 554 2867 638 2932; x_wconf 91' lang='lat' dir='ltr'>inter</span> <span class='ocrx_word' id='word_1_205' title='bbox 658 2885 694 2932; x_wconf 90' lang='lat' dir='ltr'>se</span> <span class='ocrx_word' id='word_1_206' title='bbox 711 2865 906 2951; x_wconf 91' lang='lat' dir='ltr'>comparatis</span> <span class='ocrx_word' id='word_1_207' title='bbox 923 2864 964 2929; x_wconf 92' lang='lat' dir='ltr'>ad</span> <span class='ocrx_word' id='word_1_208' title='bbox 986 2865 1160 2930; x_wconf 89' lang='lat' dir='ltr'>ohiasmum</span> <span class='ocrx_word' id='word_1_209' title='bbox 1185 2884 1297 2930; x_wconf 89' lang='lat' dir='ltr'>versus</span> 
     </span>
     <span class='ocr_line' id='line_1_24' title="bbox 186 2971 1299 3059; baseline -0.001 -22"><span class='ocrx_word' id='word_1_210' title='bbox 186 2974 376 3059; x_wconf 88' lang='lat' dir='ltr'>compositos</span> <span class='ocrx_word' id='word_1_211' title='bbox 393 2993 465 3039; x_wconf 90' lang='lat' dir='ltr'>esse</span> <span class='ocrx_word' id='word_1_212' title='bbox 488 2973 668 3055; x_wconf 87' lang='lat' dir='ltr'>intelleges.</span> <span class='ocrx_word' id='word_1_213' title='bbox 715 2971 853 3054; x_wconf 89' lang='lat' dir='ltr'>denique</span> <span class='ocrx_word' id='word_1_214' title='bbox 877 2972 973 3037; x_wconf 90' lang='lat' dir='ltr'>etiarn</span> <span class='ocrx_word' id='word_1_215' title='bbox 998 2971 1135 3036; x_wconf 89' lang='lat' dir='ltr'>Mamuri</span> <span class='ocrx_word' id='word_1_216' title='bbox 1159 2972 1229 3037; x_wconf 90' lang='lat' dir='ltr'>laus</span> <span class='ocrx_word' id='word_1_217' title='bbox 1253 2971 1299 3036; x_wconf 90' lang='lat' dir='ltr'>ita</span> 
     </span>
     <span class='ocr_line' id='line_1_25' title="bbox 185 3077 1297 3164; baseline 0 -21"><span class='ocrx_word' id='word_1_218' title='bbox 185 3086 370 3164; x_wconf 88' lang='lat' dir='ltr'>comparata</span> <span class='ocrx_word' id='word_1_219' title='bbox 386 3085 443 3164; x_wconf 89' lang='lat' dir='ltr'>est,</span> <span class='ocrx_word' id='word_1_220' title='bbox 466 3085 500 3142; x_wconf 92' lang='lat' dir='ltr'>ut</span> <span class='ocrx_word' id='word_1_221' title='bbox 516 3078 595 3144; x_wconf 94' lang='lat' dir='ltr'>duos</span> <span class='ocrx_word' id='word_1_222' title='bbox 611 3098 724 3144; x_wconf 87' lang='lat' dir='ltr'>versus</span> <span class='ocrx_word' id='word_1_223' title='bbox 742 3083 915 3161; x_wconf 91' lang='lat' dir='ltr'>sequantur</span> <span class='ocrx_word' id='word_1_224' title='bbox 939 3083 1088 3161; x_wconf 91' lang='lat' dir='ltr'>quattuor</span> <span class='ocrx_word' id='word_1_225' title='bbox 1104 3077 1297 3143; x_wconf 81' lang='lat' dir='ltr'>arctioribus</span> 
     </span>
     <span class='ocr_line' id='line_1_26' title="bbox 184 3183 1297 3271; baseline -0.001 -21"><span class='ocrx_word' id='word_1_226' title='bbox 184 3183 319 3251; x_wconf 85' lang='lat' dir='ltr'>vinculis</span> <span class='ocrx_word' id='word_1_227' title='bbox 336 3186 551 3251; x_wconf 89' lang='lat' dir='ltr'>cohaerentes.</span> <span class='ocrx_word' id='word_1_228' title='bbox 598 3205 676 3268; x_wconf 91' lang='lat' dir='ltr'>ergo</span> <span class='ocrx_word' id='word_1_229' title='bbox 693 3186 788 3251; x_wconf 89' lang='lat' dir='ltr'>totius</span> <span class='ocrx_word' id='word_1_230' title='bbox 810 3185 959 3251; x_wconf 86' lang='lat' dir='ltr'>carminis</span> <span class='ocrx_word' id='word_1_231' title='bbox 977 3185 1221 3271; x_wconf 88' lang='lat' dir='ltr'>dispositionem</span> <span class='ocrx_word' id='word_1_232' title='bbox 1237 3183 1297 3249; x_wconf 92' lang='lat' dir='ltr'>hac</span> 
     </span>
     <span class='ocr_line' id='line_1_27' title="bbox 184 3292 698 3378; baseline -0.004 -20"><span class='ocrx_word' id='word_1_233' title='bbox 184 3294 295 3358; x_wconf 89' lang='lat' dir='ltr'>tabula</span> <span class='ocrx_word' id='word_1_234' title='bbox 310 3292 495 3360; x_wconf 87' lang='lat' dir='ltr'>describere</span> <span class='ocrx_word' id='word_1_235' title='bbox 512 3313 698 3378; x_wconf 90' lang='lat' dir='ltr'>possumus:</span> 
     </span>
    </p>
   </div>
   <div class='ocr_carea' id='block_1_6' title="bbox 467 3461 837 3484">
    <p class='ocr_par' dir='ltr' id='par_1_6' title="bbox 467 3461 837 3484">
     <span class='ocr_line' id='line_1_28' title="bbox 467 3461 837 3484; baseline -0.003 1"><span class='ocrx_word' id='word_1_236' title='bbox 467 3461 837 3484; x_wconf 48' lang='lat' dir='ltr'><em>ae--—-······-·*</em></span> 
     </span>
    </p>
   </div>
   <div class='ocr_carea' id='block_1_7' title="bbox 185 3495 1297 3614">
    <p class='ocr_par' dir='ltr' id='par_1_7' title="bbox 185 3495 1297 3614">
     <span class='ocr_line' id='line_1_29' title="bbox 185 3495 1297 3614; baseline -0.004 -25"><span class='ocrx_word' id='word_1_237' title='bbox 185 3495 1297 3614; x_wconf 55' lang='lat' dir='ltr'>spxqmc‘lssffimpxsppqs</span> 
     </span>
    </p>
   </div>
   <div class='ocr_carea' id='block_1_8' title="bbox 246 3613 1129 3638">
    <p class='ocr_par' dir='ltr' id='par_1_8' title="bbox 246 3613 1129 3638">
     <span class='ocr_line' id='line_1_30' title="bbox 246 3613 1129 3638; baseline -0.003 -1"><span class='ocrx_word' id='word_1_238' title='bbox 246 3613 1129 3638; x_wconf 33' lang='grc' dir='ltr'>Ὲ-θῇ--ίῇι--ἠὲ--ὀ</span> 
     </span>
    </p>
   </div>
   <div class='ocr_carea' id='block_1_9' title="bbox 182 3826 1298 4444">
    <p class='ocr_par' dir='ltr' id='par_1_9' title="bbox 182 3826 1298 4444">
     <span class='ocr_line' id='line_1_31' title="bbox 272 3826 1297 3910; baseline -0.004 -18"><span class='ocrx_word' id='word_1_239' title='bbox 272 3831 340 3894; x_wconf 90' lang='lat' dir='ltr'>lam</span> <span class='ocrx_word' id='word_1_240' title='bbox 361 3829 580 3894; x_wconf 90' lang='lat' dir='ltr'>transiliamus</span> <span class='ocrx_word' id='word_1_241' title='bbox 603 3826 644 3893; x_wconf 91' lang='lat' dir='ltr'>ad</span> <span class='ocrx_word' id='word_1_242' title='bbox 661 3847 778 3891; x_wconf 90' lang='lat' dir='ltr'>carm.</span> <span class='ocrx_word' id='word_1_243' title='bbox 795 3826 832 3908; x_wconf 92' lang='lat' dir='ltr'>V,</span> <span class='ocrx_word' id='word_1_244' title='bbox 850 3833 878 3910; x_wconf 83' lang='lat'>4,</span> <span class='ocrx_word' id='word_1_245' title='bbox 902 3827 934 3889; x_wconf 91' lang='lat' dir='ltr'>in</span> <span class='ocrx_word' id='word_1_246' title='bbox 956 3846 1018 3907; x_wconf 94' lang='lat' dir='ltr'>quo</span> <span class='ocrx_word' id='word_1_247' title='bbox 1036 3847 1086 3890; x_wconf 91' lang='lat' dir='ltr'>vv.</span> <span class='ocrx_word' id='word_1_248' title='bbox 1104 3830 1141 3890; x_wconf 88' lang='grc'>71</span> <span class='ocrx_word' id='word_1_249' title='bbox 1162 3845 1208 3907; x_wconf 90' lang='lat' dir='ltr'>sq.</span> <span class='ocrx_word' id='word_1_250' title='bbox 1224 3830 1297 3888; x_wconf 92' lang='lat' dir='ltr'>ante</span> 
     </span>
     <span class='ocr_line' id='line_1_32' title="bbox 183 3931 1298 4020; baseline -0.004 -19"><span class='ocrx_word' id='word_1_251' title='bbox 183 3958 212 4001; x_wconf 96' lang='lat' dir='ltr'>v.</span> <span class='ocrx_word' id='word_1_252' title='bbox 230 3940 269 4000; x_wconf 88' lang='grc'>27</span> <span class='ocrx_word' id='word_1_253' title='bbox 287 3935 484 4020; x_wconf 90' lang='lat' dir='ltr'>inserendos,</span> <span class='ocrx_word' id='word_1_254' title='bbox 508 3934 566 4001; x_wconf 92' lang='lat' dir='ltr'>sed</span> <span class='ocrx_word' id='word_1_255' title='bbox 589 3939 661 4019; x_wconf 90' lang='lat' dir='ltr'>post</span> <span class='ocrx_word' id='word_1_256' title='bbox 678 3954 707 3998; x_wconf 90' lang='lat' dir='ltr'>v.</span> <span class='ocrx_word' id='word_1_257' title='bbox 725 3935 766 3997; x_wconf 88' lang='grc'>26</span> <span class='ocrx_word' id='word_1_258' title='bbox 791 3932 912 4014; x_wconf 89' lang='lat' dir='ltr'>aliquot</span> <span class='ocrx_word' id='word_1_259' title='bbox 937 3953 1048 3998; x_wconf 89' lang='lat' dir='ltr'>versus</span> <span class='ocrx_word' id='word_1_260' title='bbox 1073 3931 1208 3996; x_wconf 86' lang='lat' dir='ltr'>omissos</span> <span class='ocrx_word' id='word_1_261' title='bbox 1226 3951 1298 3996; x_wconf 89' lang='lat' dir='ltr'>esse</span> 
     </span>
     <span class='ocr_line' id='line_1_33' title="bbox 183 4036 1298 4124; baseline -0.005 -18"><span class='ocrx_word' id='word_1_262' title='bbox 183 4041 357 4108; x_wconf 88' lang='lat' dir='ltr'>docuimus.</span> <span class='ocrx_word' id='word_1_263' title='bbox 403 4048 499 4123; x_wconf 91' lang='lat' dir='ltr'>atque</span> <span class='ocrx_word' id='word_1_264' title='bbox 515 4041 565 4107; x_wconf 92' lang='lat' dir='ltr'>his</span> <span class='ocrx_word' id='word_1_265' title='bbox 585 4041 682 4106; x_wconf 91' lang='lat' dir='ltr'>rebus</span> <span class='ocrx_word' id='word_1_266' title='bbox 699 4040 886 4122; x_wconf 84' lang='lat' dir='ltr'>observatis,</span> <span class='ocrx_word' id='word_1_267' title='bbox 903 4045 1129 4124; x_wconf 90' lang='lat' dir='ltr'>praeterquam</span> <span class='ocrx_word' id='word_1_268' title='bbox 1146 4036 1231 4120; x_wconf 93' lang='lat' dir='ltr'>quod</span> <span class='ocrx_word' id='word_1_269' title='bbox 1248 4059 1298 4103; x_wconf 91' lang='lat' dir='ltr'>vv.</span> 
     </span>
     <span class='ocr_line' id='line_1_34' title="bbox 188 4143 1297 4232; baseline -0.005 -20"><span class='ocrx_word' id='word_1_270' title='bbox 188 4155 199 4212; x_wconf 93' lang='lat' dir='ltr'>l</span> <span class='ocrx_word' id='word_1_271' title='bbox 220 4168 276 4232; x_wconf 79' lang='lat' dir='ltr'>sq,</span> <span class='ocrx_word' id='word_1_272' title='bbox 292 4169 343 4213; x_wconf 91' lang='lat' dir='ltr'>vv.</span> <span class='ocrx_word' id='word_1_273' title='bbox 361 4152 401 4212; x_wconf 88' lang='grc'>69</span> <span class='ocrx_word' id='word_1_274' title='bbox 420 4169 474 4230; x_wconf 82' lang='lat' dir='ltr'>sq,</span> <span class='ocrx_word' id='word_1_275' title='bbox 490 4169 541 4213; x_wconf 91' lang='lat' dir='ltr'>vv.</span> <span class='ocrx_word' id='word_1_276' title='bbox 559 4151 599 4213; x_wconf 84' lang='lat'>93</span> <span class='ocrx_word' id='word_1_277' title='bbox 618 4169 663 4226; x_wconf 94' lang='lat' dir='ltr'>sq.</span> <span class='ocrx_word' id='word_1_278' title='bbox 680 4153 905 4228; x_wconf 83' lang='lat' dir='ltr'>argumentum</span> <span class='ocrx_word' id='word_1_279' title='bbox 930 4143 1127 4228; x_wconf 87' lang='lat' dir='ltr'>significatur</span> <span class='ocrx_word' id='word_1_280' title='bbox 1150 4144 1183 4208; x_wconf 92' lang='lat' dir='ltr'>in</span> <span class='ocrx_word' id='word_1_281' title='bbox 1206 4143 1297 4209; x_wconf 92' lang='lat' dir='ltr'>initio</span> 
     </span>
     <span class='ocr_line' id='line_1_35' title="bbox 184 4249 1297 4333; baseline -0.005 -13"><span class='ocrx_word' id='word_1_282' title='bbox 184 4261 216 4320; x_wconf 89' lang='lat' dir='ltr'>et</span> <span class='ocrx_word' id='word_1_283' title='bbox 228 4255 290 4320; x_wconf 90' lang='lat' dir='ltr'>fine</span> <span class='ocrx_word' id='word_1_284' title='bbox 299 4254 450 4320; x_wconf 84' lang='lat' dir='ltr'>carminis</span> <span class='ocrx_word' id='word_1_285' title='bbox 467 4260 498 4319; x_wconf 88' lang='lat' dir='ltr'>et</span> <span class='ocrx_word' id='word_1_286' title='bbox 514 4259 587 4318; x_wconf 88' lang='lat' dir='ltr'>ante</span> <span class='ocrx_word' id='word_1_287' title='bbox 605 4273 678 4318; x_wconf 90' lang='lat' dir='ltr'>eam</span> <span class='ocrx_word' id='word_1_288' title='bbox 694 4253 911 4318; x_wconf 89' lang='lat' dir='ltr'>narrationem</span> <span class='ocrx_word' id='word_1_289' title='bbox 927 4251 960 4315; x_wconf 90' lang='lat' dir='ltr'>in</span> <span class='ocrx_word' id='word_1_290' title='bbox 977 4272 1040 4333; x_wconf 90' lang='lat' dir='ltr'>qua</span> <span class='ocrx_word' id='word_1_291' title='bbox 1056 4250 1184 4316; x_wconf 84' lang='lat' dir='ltr'>fabulae</span> <span class='ocrx_word' id='word_1_292' title='bbox 1201 4249 1297 4315; x_wconf 90' lang='lat' dir='ltr'>cardo</span> 
     </span>
     <span class='ocr_line' id='line_1_36' title="bbox 182 4357 1298 4444; baseline -0.006 -17"><span class='ocrx_word' id='word_1_293' title='bbox 182 4362 326 4440; x_wconf 88' lang='lat' dir='ltr'>vertitur,</span> <span class='ocrx_word' id='word_1_294' title='bbox 351 4365 498 4444; x_wconf 90' lang='lat' dir='ltr'>quattuor</span> <span class='ocrx_word' id='word_1_295' title='bbox 513 4361 653 4425; x_wconf 86' lang='lat' dir='ltr'>maxime</span> <span class='ocrx_word' id='word_1_296' title='bbox 669 4359 761 4424; x_wconf 91' lang='lat' dir='ltr'>huius</span> <span class='ocrx_word' id='word_1_297' title='bbox 786 4358 937 4424; x_wconf 92' lang='lat' dir='ltr'>carminis</span> <span class='ocrx_word' id='word_1_298' title='bbox 960 4364 1069 4443; x_wconf 88' lang='lat' dir='ltr'>partes</span> <span class='ocrx_word' id='word_1_299' title='bbox 1085 4357 1298 4441; x_wconf 91' lang='lat' dir='ltr'>inveniuntur,</span> 
     </span>
    </p>
   </div>
   <div class='ocr_carea' id='block_1_10' title="bbox 0 0 1620 5162">
    <p class='ocr_par' dir='ltr' id='par_1_10' title="bbox 0 0 1620 5162">
     <span class='ocr_line' id='line_1_37' title="bbox 0 0 1620 5162; baseline 0 0"><span class='ocrx_word' id='word_1_300' title='bbox 0 0 1620 5162; x_wconf 95' lang='lat' dir='ltr'> </span> 
     </span>
    </p>
   </div>
  </div>
 </body>
</html>
