3226 5162
861 443 902 508 58

326 619 470 683 earmina
492 618 714 703 imprimisque
743 637 890 700 eaquae
922 617 963 682 ad
994 618 1177 703 periegesin
1205 617 1293 682 urbis
1316 617 1439 682 Romae

326 725 489 809 pertinent
505 725 560 789 vix
577 725 672 789 certis
688 724 791 789 modis
808 725 963 789 instructa
979 731 1078 788 erant.
1123 725 1232 804 itaque
1249 742 1358 788 eorum
1376 721 1439 787 dis·

326 831 515 896 tributiones
532 830 713 916 strophicae
738 831 802 894 alia
819 831 924 915 potius
949 851 1047 896 causa
1069 836 1157 894 ortae
1181 835 1261 894 sunt.
1306 849 1381 893 nam
1405 835 1439 893 nt

325 936 469 1002 rhetores
485 935 608 1018 antiqui
624 936 787 1018 aequabili
812 937 950 1020 partium
974 936 1006 999 in
1027 935 1223 1000 orationibus
1240 934 1391 1000 divisioni
1407 941 1439 999 et

325 1041 537 1127 amplitudini,
553 1043 599 1106 ita
615 1049 730 1127 poetae
747 1043 920 1106 concinnae
938 1041 1112 1106 carminum
1127 1041 1390 1124 singularumque
1406 1041 1439 1104 in

326 1147 372 1212 eis
397 1148 628 1212 sententiarum
652 1145 774 1212 formae
800 1154 831 1211 et
855 1147 1046 1231 expositioni
1063 1148 1161 1212 multo
1178 1147 1282 1230 magis
1299 1146 1437 1212 indulse-

324 1259 406 1336 runt,
423 1273 519 1334 quam
535 1254 565 1318 ei
581 1254 772 1337 plerumque
788 1253 842 1335 qni
855 1253 949 1318 hodie
959 1254 1105 1320 versibus
1122 1252 1296 1318 condendis
1305 1273 1437 1337 operam

323 1359 409 1424 dant.
447 1358 507 1424 hoo
531 1365 639 1424 autem
663 1379 743 1445 prae
767 1360 883 1424 ceteris
907 1357 993 1424 cadit
1016 1360 1049 1423 in
1074 1380 1129 1424 eas
1154 1359 1276 1441 elegias
1300 1379 1380 1441 quas
1397 1357 1437 1422 de

323 1466 402 1531 urbe
412 1465 514 1530 Roma
530 1465 723 1550 compositas
741 1484 813 1530 esse
823 1463 962 1530 vidimus
979 1464 1021 1530 ad
1031 1463 1217 1530 Callimachi
1233 1466 1430 1550 exemplum;

322 1593 397 1636 nam
419 1570 630 1636 Alexandrini
660 1577 814 1654 quantum
841 1570 960 1636 talibus
982 1568 1123 1636 artificiis
1146 1569 1301 1654 gaudium
1326 1591 1436 1656 perce-

322 1677 430 1762 perint
445 1683 554 1743 notum
571 1683 626 1744 est.

411 1784 469 1849 His
485 1783 674 1868 praemissis
692 1782 734 1848 ad
750 1803 818 1849 rem
834 1780 1057 1848 illustrandam
1081 1782 1146 1846 iam
1163 1782 1236 1846 libri
1251 1782 1352 1848 nostri
1368 1802 1435 1848 car-

322 1890 409 1954 mina
433 1889 553 1970 aliquot
574 1888 712 1973 strophis
737 1888 894 1973 disposita
917 1886 1126 1972 exprimenda
1149 1889 1268 1953 curabo
1291 1894 1387 1970 atque
1403 1889 1436 1952 in

322 1995 370 2060 his
387 1994 617 2061 distributionis
635 2015 748 2060 causas
765 1995 864 2059 etiam
873 1994 1032 2079 copiosius
1049 1994 1235 2078 explicabo:
1257 2000 1434 2060 ceterorum

322 2107 428 2165 autem
445 2099 598 2166 formulas
614 2107 737 2166 tantum
746 2120 908 2185 apponam
919 2100 1033 2182 quibus
1050 2099 1136 2165 ducti
1152 2101 1289 2166 lectores
1307 2101 1434 2184 singula

320 2206 384 2292 ipsi
401 2207 427 2272 si
445 2207 549 2290 placet
565 2206 742 2288 exquirent.

411 2595 562 2660 Carmina
578 2615 596 2659 e
610 2594 700 2660 Sexti
713 2595 871 2680 Propertii
888 2596 1065 2679 elegiarum
1082 2597 1163 2661 libro
1182 2597 1290 2679 quinto
1301 2597 1435 2662 sublata.

766 2753 915 2821 Carmen
931 2755 985 2820 la.

339 2911 376 2966 A.
389 2927 412 2965 a.
426 2913 487 2966 Hoc
504 2912 690 2982 quodcunque
708 2911 795 2980 vides,
815 2912 927 2980 hospes,
948 2928 1003 2983 qua
1020 2913 1139 2968 maxima
1152 2915 1276 2982 Romast,

462 3006 526 3054 ante
540 3000 678 3072 Phrygem
691 2999 808 3055 Aenean
822 3001 902 3056 collis
915 3007 944 3056 et
956 3000 1043 3056 herba
1056 3001 1125 3055 fuit:

426 3092 509 3156 atque
523 3088 571 3142 ubi
585 3087 677 3143 navali
691 3093 767 3142 stant
779 3104 857 3142 sacra
870 3089 978 3144 Palatia
991 3089 1115 3157 Phoeb0,

462 3176 586 3231 Euandri
599 3177 735 3246 profugae
749 3178 924 3236 concubuere
937 3179 1034 3232 boves.

390 3300 417 3354 b.
432 3300 576 3354 Fictilibus
590 3316 702 3355 crevere
716 3300 775 3354 deis
788 3301 856 3355 haee
869 3317 953 3356 aurea
966 3303 1070 3371 templa

461 3403 512 3441 nec
524 3387 578 3442 fuit
590 3389 744 3458 opprobrio
757 3388 832 3442 facta
845 3389 905 3444 sine
918 3395 977 3444 arte
991 3405 1063 3458 oasa,

425 3475 619 3544 Tarpeiusque
632 3483 713 3545 pater
726 3477 802 3530 nuda
815 3478 848 3532 de
861 3493 931 3546 rupe
945 3479 1071 3547 tonabat,

461 3569 489 3619 et
502 3563 612 3619 Tiberis
625 3565 729 3618 nostris
744 3566 853 3619 advena
865 3566 958 3620 bubus
971 3572 1038 3620 erat.

389 3704 412 3741 c.
426 3687 486 3752 Qna
504 3687 639 3755 gradibus
660 3688 759 3742 domus
777 3689 832 3742 ista
851 3690 931 3743 Remi
950 3705 980 3744 se
1001 3691 1123 3760 sustulit,
1143 3693 1208 3746 olim

460 3791 532 3830 unus
546 3782 606 3830 erat
617 3776 733 3832 fratrum
746 3777 864 3832 maxima
877 3794 964 3847 regna
975 3779 1071 3848 focus3

425 3864 508 3931 ouria,
522 3871 669 3934 praetexto
683 3881 754 3935 quae
768 3882 841 3921 nunc
853 3866 925 3921 nitet
937 3868 995 3922 alta
1007 3873 1114 3936 senatu,

459 3952 573 4022 pellitos
585 3953 684 4009 habuit
696 3953 801 4008 rustica
814 3955 899 4009 eorda
911 3961 1015 4025 patres.

389 4074 415 4128 d.
427 4075 533 4130 Bucina
546 4078 666 4144 cogebat
678 4077 787 4146 priseos
800 4077 838 4132 ad
850 4079 937 4133 verba
950 4079 1089 4144 Quirites:

459 4169 568 4218 centum
581 4163 622 4216 illi
636 4164 664 4217 in
676 4170 758 4232 prato
772 4180 857 4233 saepe
870 4173 985 4221 senatus
999 4173 1076 4235 erat;

423 4266 475 4306 nee
487 4251 603 4306 sinuosa
615 4267 684 4306 cavo
698 4253 859 4321 pendebant
870 4255 934 4310 vela
947 4256 1064 4324 theatro,

458 4339 571 4416 pulpita
583 4339 725 4400 sollemnis
739 4357 796 4398 nou
809 4342 905 4400 oluere
918 4359 1023 4400 crocos.
