3258 5168
862 445 905 506 26

331 641 421 686 suam
438 617 548 684 sedem
572 617 622 682 hio
646 619 719 683 olim
738 616 888 682 habuisse
905 617 1059 702 suspicor,
1083 616 1141 682 sed
1158 617 1288 699 singula
1303 617 1444 699 vincula,

331 725 446 808 quibus
462 725 541 790 haec
556 722 738 806 fragmenta
753 723 836 786 inter
852 743 886 788 se
902 723 1014 804 iugata
1038 730 1138 805 erant,
1161 743 1225 788 non
1239 724 1305 786 iam
1322 723 1442 788 contin-

329 831 377 914 git
397 837 431 894 ut
454 850 612 895 emamus.
658 836 799 894 ceterum
822 850 873 894 vv.
898 833 1087 912 ros-108,
1111 849 1194 910 quos
1209 835 1241 894 et
1263 829 1353 912 ipsos
1374 829 1443 894 loco

330 936 495 1018 movimus,
511 942 545 1001 ut
560 957 610 1000 vv.
629 939 668 1000 87
686 955 733 1016 sq.
748 933 790 998 ad
811 933 898 998 aliud
921 933 962 998 de
979 934 1097 1000 Troiae
1112 932 1206 1000 clade
1222 953 1353 1000 carmen
1369 954 1442 1019 per-

330 1043 431 1106 tinere
447 1042 479 1105 in
496 1048 646 1125 promptu
661 1047 718 1106 est.
735 1077 777 1086 —
793 1046 890 1122 atque
906 1039 1052 1106 eiusdem
1061 1040 1244 1122 argumenti
1258 1047 1332 1106 sunt
1345 1041 1443 1104 etiam

330 1148 368 1231 V,
387 1152 401 1210 l
428 1169 479 1212 vv.
500 1151 542 1212 39
557 1185 590 1194 -
605 1153 655 1230 54,
677 1154 710 1212 θῖ
733 1146 796 1230 ipsi
819 1166 870 1210 me
895 1144 1001 1212 iudice
1017 1147 1058 1211 ab
1084 1146 1140 1210 illo
1164 1145 1233 1211 loco
1257 1146 1366 1212 alieni.
1412 1151 1445 1212 et

330 1254 466 1340 primum
491 1251 630 1335 quidem,
655 1271 838 1335 quanquam
869 1252 1003 1318 Romam
1036 1252 1088 1318 vol
1113 1252 1242 1316 Latium
1269 1251 1444 1335 significari

330 1365 477 1444 apertum
494 1364 551 1441 est,
566 1365 674 1424 tamen
689 1365 746 1423 lara
758 1363 837 1424 v.39
848 1379 910 1440 quo
926 1358 1056 1442 proprie
1072 1357 1251 1424 referamus
1267 1378 1332 1422 non
1346 1357 1443 1424 habe·

331 1487 410 1530 mus.
440 1485 580 1546 namque
595 1465 735 1529 lacobus
753 1463 794 1527 ad
810 1464 887 1547 h.v.‚
903 1464 957 1546 qui
973 1463 1054 1528 illud
1069 1463 1113 1530 ad
1128 1472 1248 1529 terram
1265 1465 1443 1530 Romanam

329 1579 395 1636 tam
412 1570 495 1636 bello
512 1570 672 1636 valentem
699 1577 847 1655 spectare
862 1571 1019 1655 opinatur,
1036 1577 1067 1636 et
1083 1569 1271 1636 Krabnerus
1288 1572 1323 1634 in
1337 1569 1443 1636 Philo-

330 1677 396 1759 logi
412 1677 473 1741 vol.
480 1676 615 1740 XXVII.
624 1698 654 1761 p.
664 1681 716 1759 64,
732 1677 783 1740 eui
805 1677 857 1741 vel
874 1677 974 1742 virtus
990 1677 1137 1741 Romana
1152 1675 1291 1742 describi
1308 1675 1445 1760 videtur,

330 1782 525 1848 subaudiunt
548 1783 737 1847 sententiam
769 1783 859 1848 ouius
890 1783 923 1846 in
946 1783 1092 1850 versibus
1116 1782 1381 1849 antecedentibus
1403 1803 1444 1847 ne

331 1889 503 1970 vestigium
520 1887 649 1970 quidem
666 1887 934 1972 deprehenditur:
965 1909 1047 1970 quae
1064 1889 1192 1971 quidem
1209 1887 1444 1973 interpretandi

330 1995 412 2060 ratio
429 1993 576 2077 diligenti
600 2000 633 2058 et
654 1985 755 2078 probo
773 2000 940 2078 poctarum
964 1995 1083 2059 lectore
1098 1994 1234 2077 indigna
1250 2001 1308 2060 est.
1339 1995 1445 2059 minus

330 2121 407 2166 vero
432 2120 487 2165 cur
513 2105 615 2164 onelios
634 2099 769 2164 Romam
791 2107 926 2182 penates
950 2101 1078 2166 misisse
1102 2101 1201 2166 Troia
1223 2100 1349 2166 dicatur
1372 2121 1445 2186 per·

330 2205 493 2292 spicimus‚
518 2204 668 2287 quoniam
689 2224 773 2288 quac
790 2212 991 2290 comparetur
1012 2206 1088 2272 urbs
1103 2227 1167 2270 non
1183 2213 1281 2291 patet.
1327 2205 1445 2272 namsi

331 2334 402 2379 cum
419 2320 484 2378 toto
501 2312 580 2378 orbe
596 2318 753 2378 terrarum
769 2312 903 2377 Romam
922 2313 1059 2378 conferri
1082 2313 1195 2397 credis,
1218 2332 1324 2377 nonne
1341 2319 1445 2392 optimc

331 2419 437 2505 potius
459 2416 659 2502 exspectas?
711 2417 848 2500 denique
872 2426 969 2504 poeta
991 2418 1025 2482 id
1048 2425 1185 2503 secutus,
1206 2426 1241 2483 ut
1263 2409 1444 2503 eparvu'lis

330 2526 429 2590 initiis
453 2532 485 2590 et
508 2524 636 2588 moenia
659 2523 870 2606 aedificiaque
893 2532 926 2590 et
949 2545 1041 2591 sacra
1062 2527 1209 2592 Romana
1239 2524 1445 2608 magnificen-

330 2631 453 2697 tissime
469 2635 565 2696 aucta
582 2649 653 2696 esse
669 2630 825 2714 ostendat7
848 2652 910 2713 quo
926 2630 1058 2696 tandem
1074 2632 1206 2697 oonsilio
1227 2630 1277 2698 dis
1294 2631 1445 2697 secundis

331 2738 463 2803 Troiam
495 2743 630 2821 penates
662 2756 735 2800 suos
771 2737 804 2800 in
834 2738 962 2802 ltaliam
999 2738 1215 2804 transmisisse
1251 2737 1445 2822 praedicat?

331 2864 471 2926 namque
489 2842 619 2907 Troiam
643 2843 856 2925 potentiorum
879 2844 1016 2910 hostium
1040 2844 1196 2929 praedam
1220 2844 1339 2910 iactam
1362 2845 1445 2910 bene

330 2949 514 3033 confugisse
538 2949 706 3013 interram
729 2957 795 3014 tam
820 2949 906 3016 bello
930 2951 1092 3016 valentem
1116 2956 1214 3036 pocta
1237 2951 1446 3034 pronuntiare

330 3057 399 3122 sine
414 3057 500 3121 iusta
516 3073 615 3119 causa
630 3055 753 3120 Jacobo
774 3056 862 3122 visus
885 3063 942 3121 est.
990 3057 1075 3139 quod
1092 3057 1120 3123 si
1137 3077 1249 3122 verum
1267 3063 1361 3140 esset,
1384 3077 1447 3122 non

329 3161 424 3228 modo
453 3162 486 3225 in
511 3160 666 3244 proximis
691 3161 838 3227 versibus
873 3162 1021 3227 bellicam
1050 3165 1266 3230 Romanorum
1294 3163 1444 3230 virtutem

329 3267 456 3334 laudari
471 3265 609 3349 deceret,
633 3266 691 3332 sed
707 3267 804 3332 etiam
820 3266 1024 3334 haecomnia
1048 3291 1068 3334 a
1084 3270 1181 3335 totius
1197 3269 1348 3334 carminis
1372 3289 1444 3335 oon-

329 3376 400 3444 silio
416 3372 469 3438 vel
485 3379 618 3458 propter
634 3393 707 3438 eam
728 3375 832 3458 ipsam
857 3378 1048 3442 seutentiam
1069 3376 1255 3461 discrepare
1280 3374 1444 3442 censenda

329 3487 453 3561 esseut;
479 3497 584 3560 neque
601 3479 685 3546 enim
703 3478 876 3562 quidquam
893 3502 932 3547 ea
948 3481 989 3546 ad
1005 3481 1038 3546 id
1055 3481 1140 3565 quod
1161 3490 1276 3567 poetae
1302 3482 1444 3568 proposi·

328 3595 395 3652 tum
411 3592 461 3652 est
477 3584 705 3671 explicandum
731 3585 860 3652 confert.
906 3589 1061 3653 maiorem
1083 3597 1191 3654 autem
1208 3589 1445 3674 probabilitatis

328 3693 471 3780 speeiem
488 3691 551 3758 sibi
575 3692 716 3758 vindieat
731 3693 892 3758 Krahneri
908 3696 927 3758 l.
944 3696 963 3758 l.
988 3718 1041 3779 pp.
1064 3700 1099 3761 61
1130 3716 1199 3778 sqq.
1215 3696 1445 3782 interpretatio.

328 3803 356 3868 is
372 3797 629 3884 magnitudinem
645 3805 903 3886 potestatemque
919 3823 982 3883 qua
999 3823 1057 3866 sua
1065 3809 1171 3868 aetate
1180 3802 1283 3867 Roma
1299 3803 1411 3880 floreat
1425 3823 1446 3866 a

328 3914 423 3993 poeta
439 3903 556 3972 deduci
570 3915 679 3972 censet
697 3927 737 3972 ex
750 3906 847 3972 insita
863 3907 977 3991 priscis
986 3908 1140 3973 Romanis
1154 3930 1278 3972 morum
1293 3908 1443 3994 simpliei-

328 4020 395 4082 tate
403 4012 573 4098 acvirtute,
582 4019 615 4077 at
625 4014 792 4078 coniuncta
801 4012 933 4076 illacum
943 4014 1082 4098 propitio
1092 4013 1225 4080 deorum
1235 4016 1444 4081 Troianorum

327 4121 544 4202 Iuliorumque
560 4120 699 4184 numine.
746 4139 929 4201 quanquam
946 4119 1132 4204 Propertius
1153 4121 1213 4186 hoc
1229 4120 1360 4203 quidem
1377 4142 1445 4186 oar·-

328 4229 413 4294 mine
429 4247 492 4292 non
516 4225 595 4290 illud
616 4226 677 4291 sibi
694 4226 870 4311 proposuit,
894 4232 928 4293 ut
951 4227 1099 4309 quibus
1123 4228 1266 4294 causis
1291 4247 1368 4312 opes
1384 4229 1445 4293 Ro-

328 4354 443 4402 manae
461 4330 677 4417 amplificatae
702 4332 773 4414 sint
797 4332 855 4398 sed
871 4339 905 4396 nt
921 4354 959 4399 es
969 4353 1012 4400 se
1034 4354 1090 4402 eas
1106 4354 1222 4400 revera
1238 4333 1446 4401 vehementer
