3226 5162
834 423 893 484 104

305 593 436 662 easdem
453 603 561 661 autem
577 595 718 662 rationes
736 595 813 662 satis
831 595 891 661 erit
911 594 1064 661 adnotare
1081 613 1153 660 esse
1170 595 1327 660 vocalium
1345 596 1416 661 bre-

304 703 391 768 vium
408 723 491 785 quae
507 704 611 788 longis
628 702 896 785 subsequentibus
913 703 1109 786 copulentur,
1131 702 1177 766 ita
1192 706 1300 766 tamen
1315 709 1350 767 ut
1364 702 1417 768 hic

302 829 365 878 non
381 808 489 876 brevis
506 829 533 894 e,
549 809 608 876 sed
624 831 644 876 a
661 809 767 877 brevis
784 808 957 876 maximum
981 808 1166 875 necessario
1190 807 1251 875 sibi
1275 807 1417 876 vindicet

303 917 523 1003 exemplorum
539 927 714 981 numerum.

391 1021 481 1100 Quae
499 1043 569 1087 cum
585 1023 632 1088 ita
648 1025 719 1107 sint,
736 1030 768 1088 61
782 1023 815 1088 in
831 1021 1318 1108 spondeorumdactylorumque
1336 1030 1367 1088 61
1382 1023 1417 1087 in

302 1129 523 1215 synaloephae
546 1150 606 1195 usu
627 1135 693 1193 tam
718 1129 832 1195 similis
849 1130 965 1195 ceteris
982 1137 1031 1195 est
1046 1129 1128 1194 liber
1143 1130 1281 1214 quintus,
1304 1135 1416 1194 utnon

302 1236 404 1322 possit
420 1256 483 1300 non
499 1256 571 1302 esse
587 1236 826 1322 Propertianus.
872 1236 1021 1300 nimirum
1046 1256 1085 1302 ea
1109 1236 1224 1318 quibus
1248 1237 1416 1320 areliquis

301 1343 466 1428 paululum
483 1342 647 1428 discrepat
662 1341 695 1406 in
711 1343 889 1407 semetrius
904 1341 1032 1407 facilem
1040 1341 1160 1407 habent
1170 1343 1415 1427 explicationem

302 1469 360 1536 per
376 1449 528 1532 temporis
545 1449 683 1534 spatium
700 1449 783 1514 inter
798 1449 882 1514 hunc
898 1454 929 1514 61
944 1449 1016 1514 illos
1032 1449 1241 1533 interiectum,
1259 1469 1414 1532 quoquae

301 1555 535 1638 inelegantiora
551 1556 622 1621 visa
638 1562 711 1620 sunt
727 1562 825 1640 poeta
840 1554 954 1638 fugere
976 1556 1149 1621 consuevit.
1181 1556 1319 1639 denique
1337 1576 1414 1622 vero

301 1681 394 1726 nemo
419 1664 472 1743 qui
495 1661 611 1726 librum
636 1662 779 1744 quintum
803 1661 904 1727 libero
928 1662 1033 1726 animo
1057 1662 1144 1745 leget
1173 1683 1237 1726 non
1260 1670 1415 1746 agnoscet

300 1766 387 1833 idem
404 1766 489 1852 quod
505 1766 538 1831 in
563 1769 677 1833 ceteris
702 1767 861 1853 Propertii
885 1768 1079 1834 carminibus
1103 1769 1261 1833 cernimus
1286 1768 1415 1834 dicendi

301 1892 403 1957 genus
420 1874 528 1959 paullo
544 1873 624 1938 illud
640 1873 801 1939 difficilius
818 1880 850 1938 61
864 1874 1066 1959 laboriosius,
1090 1874 1149 1940 sed
1171 1895 1273 1958 grave
1297 1881 1328 1942 61
1342 1895 1414 1940 ner-

301 2002 422 2047 rosum.
466 2000 562 2064 quem
578 1985 687 2044 tamen
702 1981 806 2045 locum
822 2000 905 2045 nunc
922 1982 1082 2066 copiosius
1105 1987 1329 2066 persecuturus
1350 2002 1414 2045 non

301 2108 380 2171 sum,
403 2087 593 2171 praesertim
615 2108 686 2152 cum
711 2087 940 2170 Hertzbergius
962 2088 978 2150 Ι
1001 2111 1055 2173 pp.
1076 2075 1260 2154 104-186
1286 2088 1414 2171 singula

300 2193 540 2276 aequabilitatis
573 2194 722 2279 exempla
752 2199 803 2259 sat
830 2194 930 2258 multa
957 2195 1179 2280 composuerit.
1232 2194 1283 2259 hic
1314 2195 1412 2260 verbo

284 2306 423 2365 ¹tamum
439 2300 575 2364 monebo
598 2298 639 2365 de
655 2299 796 2366 ablativo
819 2299 874 2363 illo
898 2319 975 2365 vere
991 2299 1201 2385 Propertiano
1226 2301 1280 2385 qui
1299 2308 1334 2365 ut
1357 2300 1413 2383 III,

303 2406 375 2490 181),
391 2409 450 2488 26,
472 2405 527 2490 IV,
544 2411 573 2490 6,
590 2410 645 2489 243
668 2410 719 2490 22,
739 2410 787 2482 13,
803 2405 1124 2472 itainvenituretiam
1134 2405 1171 2490 V,
1182 2411 1210 2491 8,
1230 2412 1285 2488 103
1304 2409 1412 2489 10,18.

388 2513 447 2578 His
462 2513 561 2596 igitur
577 2514 682 2579 causis
699 2512 895 2596 adducimur,
919 2519 954 2577 ut
969 2513 1021 2578 vel
1038 2518 1110 2599 post
1124 2510 1332 2578 Heimreichii
1348 2509 1412 2575 dis·

300 2620 496 2704 putationem
514 2617 612 2684 etiam
629 2619 745 2684 librum
763 2619 915 2702 quintum,
931 2619 985 2700 qui
1001 2619 1072 2703 ipse
1086 2619 1123 2702 V,
1136 2625 1161 2702 1,
1178 2622 1218 2684 63
1236 2638 1282 2699 sq.
1299 2615 1412 2682 Umbri

299 2735 413 2812 poetae
429 2746 546 2792 nomen
562 2726 623 2791 sibi
639 2724 788 2808 vindicet,
804 2745 867 2789 non
884 2723 1003 2789 editum
1018 2723 1158 2808 quidem,
1174 2729 1208 2788 at
1223 2724 1376 2808 scriptum
1393 2742 1413 2785 a

299 2832 466 2918 Propertio
483 2851 672 2897 censeamus
689 2831 970 2916 praetercarm.V,
983 2835 1027 2894 lc.
1058 2829 1142 2912 quod
1159 2836 1267 2895 tamen
1283 2849 1413 2895 carmen
1502 2835 1505 2842 ’

190 2946 194 2954 ’
298 2946 333 3003 ut
356 2939 417 3006 sibi
440 2939 626 3024 inscriptum
651 2938 838 3023 Propertius
862 2938 946 3002 inter
970 2936 1105 3003 schedas
1130 2957 1204 3003 suas
1227 2938 1412 3021 reposuisse

299 3043 478 3110 credendus
496 3051 552 3109 est.
588 3043 664 3109 inde
686 3050 793 3108 autem
809 3065 829 3108 a
844 3043 987 3108 librariis
1011 3042 1126 3125 quibus
1142 3043 1215 3109 illas
1231 3043 1412 3110 describen-

298 3149 358 3216 das
381 3149 581 3216 tradiderant
604 3149 708 3234 amici,
739 3170 809 3214 cum
833 3149 949 3214 mortui
974 3157 1091 3234 poetae
1120 3150 1263 3215 carmina
1287 3148 1413 3215 edenda

298 3263 456 3340 curarunt,
472 3277 536 3321 una
551 3278 622 3322 cum
638 3255 866 3341 ipsiuselegiis
881 3254 961 3319 illud
977 3255 1129 3322 emissum
1144 3257 1309 3339 semelque
1326 3256 1412 3321 evul-

298 3370 409 3446 gatum
430 3362 548 3429 deinde
573 3383 632 3448 per
655 3364 785 3428 saecula
809 3361 1031 3427 circumlatum
1061 3368 1110 3428 est
1138 3383 1208 3427 cum
1234 3363 1348 3428 ceteris
1372 3361 1413 3427 de

299 3467 439 3554 Cynthia
455 3469 578 3554 elegiis,
594 3469 782 3552 quibuscum
798 3467 868 3552 ipso
885 3476 1076 3552 argumento
1093 3488 1250 3534 conexum
1267 3471 1324 3535 est.

387 3682 488 3746 Totus
511 3680 579 3745 fere
602 3678 654 3746 hic
676 3681 805 3748 libellus
829 3682 916 3766 typis
940 3702 1113 3767 expressus
1137 3688 1220 3764 erat,
1243 3701 1314 3745 cum
1336 3679 1413 3744 mihi

298 3787 399 3851 allata
423 3787 705 3872 estPropertii
722 3786 906 3873 Cynthia
929 3809 1014 3853 cum
1038 3788 1150 3854 libro
1178 3793 1327 3870 quarto
1344 3786 1413 3868 qui

297 3892 513 3978 Propertii
533 3894 697 3959 nomine
721 3894 850 3959 fertur
874 3915 894 3958 a
917 3894 1136 3960 Dominico
1161 3892 1330 3958 Carutti
1353 3890 1431 3960 hoe.

296 3998 368 4085 ipso
392 4019 474 4063 anno
489 4000 605 4084 Hagae
622 3999 779 4066 Comitum
804 3999 900 4066 edita.
947 4001 974 4067 is
997 4007 1104 4065 autem
1120 4021 1172 4084 pp.
1187 3998 1328 4062 XXXIV
1345 4016 1414 4079 sqq.

297 4112 396 4170 totum
420 4105 535 4170 librum
567 4105 710 4188 quintum
735 4113 865 4190 praeter
888 4106 1028 4190 elegiam
1052 4105 1253 4171 undecimam
1270 4104 1412 4189 spurium

298 4218 330 4276 et
346 4232 441 4276 carm.
459 4211 500 4295 V,
528 4217 539 4274 1
561 4216 617 4291 (vv
637 4211 778 4297 1—70.)‚
810 4216 843 4296 2,
861 4218 893 4296 4,
910 4216 944 4296 6,
961 4217 994 4296 9,
1015 4217 1052 4277 10
1069 4232 1090 4275 a
1105 4211 1238 4295 Sabino,
1261 4227 1357 4294 quem
1380 4215 1415 4273 ut

298 4317 452 4390 fastorum¹
476 4317 663 4410 scriptorem
686 4325 842 4383 memoret
865 4315 1000 4384 Ovidius
1024 4337 1065 4384 er
1088 4317 1190 4383 Ponto
1214 4318 1273 4400 IV,
1300 4322 1337 4382 16
1362 4337 1414 4381 vv.
