3226 5162
844 399 884 459 86

308 595 383 638 num
400 580 618 656 transgressos
627 571 798 638 devastata
814 571 920 636 Gallia
936 572 1111 656 equitatum
1120 571 1334 635 Romanorum
1348 571 1422 635 Lol-

307 682 449 764 liumqne
480 678 678 765 praefectum
709 701 738 744 a.
759 683 826 746 738
859 685 925 759 (16)
949 699 1129 764 superasse,
1160 678 1217 744 sed
1249 678 1289 744 de
1319 679 1423 763 ipsius

309 787 446 872 Augusti
462 785 604 852 adventu
620 787 772 853 oertiores
789 786 889 852 laotos
906 785 1082 852 detreotato
1099 787 1222 871 proelio
1237 787 1270 850 in
1287 785 1423 852 deditio-

307 917 381 961 nem
396 895 535 961 ·venisse.
582 894 720 976 denique
743 893 833 958 addit
855 895 874 958 l.
891 894 972 978 LIV,
998 899 1035 958 21
1063 893 1158 958 haee:
1188 899 1255 956 τῶν
1278 897 1339 973 μὲν
1363 881 1424 955 οὖν

309 997 423 1065 ὅπλων
440 995 536 1063 οὐδὲν
553 999 610 1062 διδ
630 1007 737 1063 ταῦτα
755 996 772 1063 ὅ
791 995 977 1081 Ἄνγονστος
1001 998 1131 1082 ἐδεήθη,
1155 999 1199 1061 τοὶ
1224 999 1258 1061 δὲ
1281 998 1318 1081 δη
1334 995 1423 1060 δίλλα

308 1107 560 1189 καθιστάμενος
582 1105 701 1170 τοῦτόν
723 1131 759 1169 τε
782 1107 841 1170 τὸν
862 1106 1015 1169 ίνιαντδν
1036 1104 1257 1168 κατανάλωσε
1282 1107 1340 1168 καί
1362 1103 1424 1168 τόν

308 1209 457 1299 ύστερον,
486 1214 522 1276 ἐν
547 1203 571 1296 ᾧ
595 1212 737 1298 Μοίρκος
764 1237 800 1275 τε
825 1216 943 1294 Λίβων
972 1215 1030 1275 καί
1053 1210 1282 1295 Καλπούρνιος
1305 1214 1425 1274 Πίσων

308 1316 505 1384 ὑπάτευσαν
529 1321 560 1401 (i.
584 1341 611 1386 e.
634 1342 663 1385 a.
685 1325 884 1401 739=15.).
930 1321 1044 1403 quibus
1069 1318 1205 1385 efficitur
1228 1318 1424 1404 Sycambros

308 1428 380 1513 ipso
397 1448 423 1491 a
443 1430 505 1493 738
523 1432 590 1506 (16)
607 1425 670 1493 fine
686 1426 822 1492 domitos
847 1447 928 1493 esse.
974 1431 1071 1491 antea
1094 1431 1200 1491 autem
1223 1425 1316 1491 ludos
1332 1425 1424 1508 quin-

309 1535 484 1616 quennales
501 1534 678 1599 oelebratos
695 1554 775 1618 esse,
800 1533 885 1616 quod
907 1555 971 1598 non
994 1533 1077 1616 fugit
1099 1532 1278 1596 Frankium
1301 1532 1335 1596 in
1350 1531 1423 1598 fast.

304 1640 418 1714 Horat.
443 1661 494 1724 pp.
520 1644 583 1704 207
607 1659 662 1724 sq,
683 1639 828 1706 eiusdem
853 1639 966 1706 Dionis
987 1647 1138 1705 aeourata
1159 1638 1425 1724 interpretatione

307 1745 439 1832 probari
461 1751 575 1831 potest.
620 1767 759 1828 namque
782 1752 953 1831 postquam
976 1747 995 1809 l.
1012 1746 1094 1829 LIV,
1121 1750 1159 1811 19
1184 1745 1366 1828 Augustum
1390 1744 1424 1808 in

309 1851 448 1916 Galliam
472 1851 651 1934 profectum
676 1873 748 1918 esse
773 1851 861 1936 dixit,
885 1853 1087 1938 paulopost:
1117 1853 1197 1936 πρὶν
1221 1851 1255 1912 δὲ
1275 1846 1294 1934 ἢ
1318 1845 1422 1933 ἄφορ-

308 1961 446 2038 μδσθαι
463 1957 564 2040 inquit
580 1955 638 2020 τόν
661 1963 721 2020 τοῦ
736 1961 890 2042 Κνιρίνον
906 1957 990 2019 ναόν
1013 1961 1224 2043 καθιέρωσεν
1248 1957 1284 2018 ἐκ
1309 1962 1423 2039 καινης

311 2063 534 2146 οἰκοδομήσας
550 2069 625 2147 ete.;
654 2063 771 2129 deinde
795 2065 840 2129 ita
864 2064 985 2148 pergit:
1015 2067 1073 2125 καὶ
1090 2058 1174 2126 ούτω
1189 2063 1228 2126 τδ
1252 2067 1314 2143 μὲν
1338 2058 1423 2125 δίστν

309 2177 356 2252 τῷ
372 2168 492 2256 Ταύρῳ
508 2169 595 2250 μετα
610 2175 666 2253 τῆς
683 2165 782 2252 δίλλης
795 2166 935 2243 Ἰταλίας
951 2170 1090 2232 διοικεῖν
1110 2170 1296 2258 ἐπιτρέψας
1318 2207 1363 2218 -
1378 2208 1423 2216 -

309 2277 369 2341 τδν
392 2278 427 2340 δὲ
444 2277 481 2362 δη
505 2281 663 2363 Τιβέριον
686 2280 798 2339 καίτοι
821 2283 1065 2361 στρατηγοῦντα
1089 2275 1302 2363 παραλαβών
1326 2273 1422 2359 ἐξαίρ-

308 2401 421 2467 μησεν.
440 2423 481 2432 -
503 2423 545 2431 -
569 2381 775 2458 ἐξελθόντων
798 2378 827 2444 δ
851 2372 909 2446 οὗν
934 2377 1043 2445 αὐτῶν
1065 2382 1102 2446 τό
1126 2389 1181 2465 τῆς
1197 2381 1350 2464 νεότητος
1366 2385 1422 2462 μέ-

308 2513 410 2576 γαρον
432 2486 498 2552 ύπδ
514 2488 571 2574 την
588 2490 753 2551 ἐπιοῦσαν
775 2487 878 2551 νύκτα
902 2489 1096 2570 κατεκαύθη
1122 2493 1181 2551 καί
1199 2487 1255 2550 διό
1273 2511 1308 2550 τε
1324 2493 1422 2550 τοῦτο

309 2599 367 2659 καί
383 2595 439 2658 διδ
454 2585 562 2658 τᾶλλα
579 2594 809 2680 προγενόμενα
827 2635 868 2642 -
884 2633 928 2642 -
951 2589 1049 2674 εύχοὶς
1073 2591 1156 2680 ὑπὲρ
1179 2599 1235 2678 τῆς
1252 2593 1424 2656 ἐπανόδου

307 2710 367 2766 τοῦ
381 2698 568 2784 ίίνγούστον
585 2701 798 2784 ἐποιήσαντο.
831 2696 895 2764 κοίν
910 2702 1015 2783 τούτῳ
1032 2705 1090 2764 καί
1105 2708 1164 2784 την
1179 2701 1424 2785 πενταετηρίδα

307 2817 362 2892 της
387 2805 485 2895 ἀρχῆς
514 2805 617 2872 αὐτοῦ
640 2809 850 2892 διεοίρτασαν
873 2815 932 2871 τοῦ
947 2803 1122 2894 ίίγρίπποο
1147 2847 1187 2856 -
1211 2847 1253 2856 -
1278 2807 1335 2870 διὰ
1358 2813 1426 2870 τῶν

309 2921 485 3002 σονιέρεων
507 2911 756 2989 ἀναλώσαντος.
787 2917 848 2981 hoo
863 2916 962 3000 igitur
978 2915 1294 2981 loeodemonstratur
1311 2914 1424 2980 eodem

307 3030 453 3108 tempore
471 3017 547 3102 (adv
562 3021 666 3103 τούτῳ
682 3029 718 3086 ut
733 3023 849 3106 1111,Ι
864 3029 902 3106 53
926 3027 961 3105 85
984 3021 1113 3102 asinii.)
1131 3042 1194 3104 quo
1210 3027 1343 3106 propter
1352 3041 1424 3105 pro-

308 3128 398 3212 digia
405 3129 439 3193 in
453 3129 525 3215 ipso
542 3129 630 3194 exitu
638 3128 793 3213 principis
804 3127 890 3193 faeta
905 3149 962 3211 pro
972 3126 1079 3192 reditu
1096 3126 1164 3194 eius
1181 3133 1257 3194 vota
1273 3134 1426 3210 suscepta

308 3242 389 3321 sunt,
404 3235 496 3302 ludos
509 3236 581 3302 illos
595 3235 850 3319 quinquennales
862 3234 988 3300 habitos
1002 3255 1082 3300 esse.
1128 3239 1161 3299 at
1176 3234 1339 3316 aliquanto
1353 3238 1427 3318 post

308 3343 428 3408 exitum
444 3341 582 3425 Augusti
605 3342 759 3426 temporis
783 3341 886 3425 spatio
910 3341 1076 3406 interiecto
1094 3339 1289 3426 Sycambros
1312 3359 1425 3424 paoem

308 3454 340 3514 et
362 3447 477 3514 foedus
501 3447 636 3534 petiisse
660 3469 791 3532 prorsus
817 3454 938 3512 eertum
963 3453 1019 3531 est,
1044 3448 1196 3529 quoniam
1219 3446 1254 3511 id
1278 3467 1333 3513 eos
1357 3451 1426 3511 tum

308 3555 423 3620 leoisse
446 3554 508 3620 Dio
532 3555 551 3618 l.
575 3554 658 3639 LIV,
682 3558 723 3618 20
749 3559 892 3636 testatur,
924 3573 996 3619 eum
1021 3553 1202 3637 Augustum
1225 3554 1257 3618 in
1282 3552 1424 3619 Galliam

308 3661 437 3727 venisse
468 3659 626 3727 adversus
657 3661 744 3745 ipsos
776 3660 1016 3746 expeditionem
1049 3659 1207 3725 fauturum
1231 3660 1424 3743 aooeperint.

309 3789 387 3852 ergo
411 3767 506 3834 huius
529 3767 577 3832 rei
600 3768 719 3834 mentio
743 3767 812 3832 fieri
835 3768 932 3851 plane
955 3776 1020 3832 non
1035 3771 1140 3851 potest
1156 3766 1190 3830 iu
1205 3764 1265 3829 hoe
1281 3765 1423 3830 earmine

309 3895 371 3956 quo
387 3874 480 3940 ludos
496 3875 568 3940 illos
590 3874 790 3960 pronuntiari
812 3880 951 3940 oensent.
996 3891 1135 3954 namque
1157 3870 1237 3937 haee
1260 3871 1368 3954 elegia
1384 3870 1427 3935 ad

307 3979 365 4046 hos
388 3978 481 4046 ludos
504 3980 692 4046 indicendos
716 3981 892 4064 composita
919 3999 982 4044 non
1005 3982 1112 4063 potest
1135 3996 1199 4042 non
1215 3978 1310 4061 paulo
1327 3978 1427 4042 etiarn

309 4092 383 4152 ante
399 4087 487 4170 ipsos
504 4087 649 4152 oonieota
666 4106 746 4152 esse.
792 4085 850 4152 sed
866 4085 950 4150 hane
972 4090 1005 4149 ut
1021 4069 1427 4168 effugeretdilfieultatem‚

308 4199 418 4277 posset
434 4194 506 4276 quis
522 4193 667 4258 oonieere
685 4191 814 4259 eosdem
831 4191 923 4257 ludos
940 4192 1036 4258 etiam
1052 4197 1124 4276 post
1140 4209 1168 4254 a.
1186 4193 1248 4255 738
1259 4193 1326 4269 (16)
1345 4191 1427 4254 eele-

309 4299 419 4365 bratos
435 4300 533 4384 tangi,
549 4299 611 4365 nisi
628 4318 722 4364 earm.
739 4300 777 4385 V,
806 4305 839 4363 11
865 4297 978 4366 eodem
996 4297 1063 4364 fere
1079 4302 1225 4383 tempore
1241 4295 1335 4362 huius
1351 4294 1427 4360 libri
