3258 5168
840 481 878 545 lt

303 657 327 740 1,
344 662 373 742 6,
389 661 448 740 263
477 659 607 723 Terent.
623 657 703 722 Eun.
722 662 794 724 138.
825 657 935 740 itaque
951 678 1022 723 cum
1039 658 1174 741 singulis
1191 657 1335 726 distichis
1351 659 1415 726 sin-

302 764 396 846 gulas
412 784 541 848 semper
557 765 731 830 sententias
748 763 913 830 incluserit
927 766 1012 848 lena,
1026 764 1078 830 hio
1093 785 1220 848 quoque
1237 785 1309 831 eam
1319 787 1415 849 quam

301 868 396 935 modo
413 869 647 955 circumscripsi
670 889 729 954 per
745 875 845 935 totum
859 869 1016 935 distichon
1031 877 1202 956 persecuta
1218 891 1291 938 esse
1307 873 1415 938 existi-

301 975 421 1040 manda
437 981 494 1041 est.
540 994 605 1056 qua
620 973 661 1039 de
677 994 775 1040 causa
791 974 922 1058 probari
944 976 1056 1058 nequit
1072 975 1158 1058 quod
1173 976 1325 1044 Heinsius
1341 999 1414 1064 pro·

301 1082 408 1167 posuit
430 1083 483 1148 vel
512 1088 702 1146 aestimatore
723 1086 815 1144 virum
842 1081 896 1146 vel
917 1088 1057 1147 simulare
1086 1089 1164 1147 tram
1193 1084 1248 1149 rel
1276 1090 1416 1150 emulare

299 1198 412 1252 metam.
457 1207 593 1269 quarum
609 1185 867 1251 emendationum
884 1187 989 1271 prima
1004 1189 1124 1273 repetit
1144 1189 1242 1253 etiam
1258 1209 1413 1276 praecep·

300 1301 367 1360 tum
383 1315 435 1360 vv.
445 1297 483 1360 31
503 1313 550 1376 sq.
567 1291 687 1376 datum,
702 1292 844 1358 secunda
859 1293 1018 1376 tertiaque
1033 1313 1130 1358 unam
1145 1299 1268 1360 tantum
1277 1315 1414 1378 eamque

300 1407 366 1464 tam
382 1400 581 1483 singularem
598 1398 767 1464 cunctandi
784 1419 914 1465 causam
930 1397 1032 1483 affert,
1049 1407 1083 1464 ut
1099 1399 1413 1468 vixoonveniateum

299 1505 355 1571 illo
370 1515 452 1569 atero
474 1511 572 1568 cocus
594 1525 725 1589 prorsus
748 1505 782 1569 in
805 1505 990 1571 universum
1013 1504 1106 1570 dicto.
1158 1505 1216 1572 sed
1231 1506 1347 1573 eadem
1373 1507 1413 1575 de

299 1631 398 1677 causa
414 1631 478 1692 qua
492 1609 573 1674 illud
590 1616 778 1675 aestimatore
792 1617 885 1675 ciram
894 1609 1043 1696 displicet
1051 1610 1149 1676 etiam
1159 1613 1244 1694 quod
1252 1614 1413 1699 Hauptius

299 1718 427 1804 scripsit
442 1724 591 1782 sdmclcrc
604 1723 689 1780 trum.
734 1717 806 1801 ipsc
822 1737 894 1783 eam
910 1718 1112 1801 sententiam,
1133 1738 1231 1800 quam
1247 1718 1321 1785 huic
1343 1721 1412 1786 loco
1457 1801 1458 1804 Ἴ

298 1825 391 1890 unico
419 1829 530 1909 aptam
562 1842 633 1888 esse
657 1843 757 1906 supra
780 1821 938 1906 contendi,
968 1842 1162 1909 recuperare
1185 1831 1317 1891 conatus
1341 1847 1412 1894 sum

299 1929 467 1996 scribendo
484 1935 664 1992 clamatore
685 1950 797 1993 merom
807 1935 936 2009 pretium
955 1935 1040 2006 facit.
1088 1920 1279 1996 (1616166
1303 1931 1340 1996 U.
1357 1932 1412 1997 cir.

298 2035 467 2101 Ribbeckii
490 2035 580 2118 proll.
604 2035 701 2116 Verg.
725 2056 755 2118 p.
771 2037 844 2099 236.
890 2054 995 2117 neque
1018 2055 1095 2101 vero
1119 2033 1180 2100 hoc
1202 2043 1411 2122 praeceptum

298 2143 412 2208 iterum
428 2140 524 2206 datur
538 2143 639 2205 vv.33
650 2159 713 2222 sq.;
740 2139 854 2222 quibus
871 2161 942 2204 cum
964 2139 1005 2206 de
1018 2139 1146 2206 Venere
1160 2141 1226 2207 iam
1243 2143 1412 2228 promissa,

298 2248 357 2315 sed
379 2253 494 2334 postea
516 2245 619 2311 dilata
639 2246 758 2311 mentio
782 2245 845 2329 liat,
875 2246 927 2311 hio
949 2247 1091 2331 puellam
1115 2246 1234 2313 callida
1257 2248 1411 2316 Acanthis

297 2360 415 2437 monet,
430 2358 465 2418 ut
485 2359 657 2435 antequam
681 2352 731 2418 sui
754 2352 880 2437 copiam
904 2372 938 2418 se
962 2352 1119 2419 iacturam
1140 2373 1212 2420 esse
1235 2354 1410 2439 promittat,

298 2466 474 2526 amatorem
490 2458 571 2524 fictis
586 2459 684 2523 moris
700 2458 805 2540 magis
823 2458 920 2523 etiam
937 2459 1127 2525 exstimulat.

385 2566 455 2630 Hac
470 2584 505 2629 re
522 2565 670 2649 exposita
690 2583 773 2628 nunc
787 2564 894 2647 placet
910 2563 1056 2649 proferre
1080 2566 1263 2650 exemplum
1284 2566 1410 2634 litterae

296 2671 334 2736 H.
351 2672 383 2734 in
399 2671 439 2735 N.
456 2675 641 2755 corruptae:
670 2668 704 2733 id
721 2669 805 2752 quod
827 2671 1012 2736 usuvenire
1032 2669 1137 2735 firmat
1154 2671 1191 2735 G.
1208 2672 1246 2756 V,
1269 2675 1298 2756 2,
1315 2679 1334 2737 5
1351 2693 1409 2758 pro

295 2784 370 2842 hoec
385 2775 540 2841 exhibens
555 2796 625 2851 nec;
649 2773 703 2840 cfr.
719 2775 887 2840 Ribbeckii
908 2776 1000 2860 proll.
1025 2777 1121 2858 Verg.
1145 2798 1176 2860 p.
1193 2779 1267 2842 246.
1312 2784 1409 2861 atque

294 2882 332 2967 V,
349 2885 378 2967 2,
396 2887 434 2948 19
451 2882 662 2947 Vertumnum
679 2879 728 2947 his
745 2881 869 2947 verbis:

453 2994 584 3052 mendax
595 2993 692 3071 famu,
707 3009 812 3053 noem:
833 2993 910 3052 clius
924 2995 993 3052 mihi
1014 2995 1137 3054 nominis
1151 2995 1250 3072 index,

295 3093 453 3178 cumipse
470 3094 511 3160 sit
527 3094 609 3159 alius
625 3093 680 3158 ille
696 3093 833 3159 nominis
850 3094 899 3158 sui
914 3094 1084 3179 interpres,
1100 3095 1215 3158 mirum
1231 3095 1265 3159 in
1278 3093 1408 3161 modum

294 3200 502 3282 sequentibus
517 3199 584 3265 his:

571 3313 609 3371 de
623 3327 655 3370 sc
669 3312 808 3371 comanti
822 3315 853 3370 ta
867 3312 952 3371 modo
967 3313 1057 3371 crede
1072 3312 1126 3372 deo

294 3411 436 3497 praefari
459 3412 535 3477 olim
551 3431 629 3478 rere
644 3411 801 3478 iudicavit
824 3411 1058 3478 Lachmannus.
1103 3431 1209 3494 neque
1233 3411 1408 3496 quidquam

294 3517 393 3583 iocosi
425 3518 458 3582 in
487 3517 596 3583 ieiuna
630 3518 694 3583 ista
722 3518 941 3583 enuntiatione
963 3519 1070 3584 inesse
1094 3519 1209 3584 ceteris
1232 3518 1407 3586 editoribus

292 3623 521 3690 concesserim:
559 3623 613 3688 cfr.
637 3625 777 3690 Jacohus
808 3624 1103 3707 Hertzbergiusque
1134 3623 1176 3688 ad
1207 3623 1236 3688 h.
1265 3646 1294 3691 v.
1349 3624 1408 3692 sed

292 3728 378 3812 quod
401 3729 569 3815 proposuit
592 3729 642 3795 vir
666 3730 818 3812 egregius
838 3737 924 3808 sotto
948 3751 978 3793 es
997 3736 1066 3794 mihi
1086 3737 1211 3795 comicis
1229 3737 1322 3796 index
1343 3751 1408 3796 non

292 3836 362 3902 sine
392 3835 478 3900 iusta
508 3855 607 3901 causa
635 3835 798 3921 displicuit
820 3835 1032 3918 Hertzbergio
1063 3843 1193 3921 propter
1225 3837 1294 3903 cius
1322 3857 1406 3920 quae

292 3942 439 4027 proxime
464 3941 625 4006 antecedit
648 3942 828 4008 sententiae
854 3948 985 4006 mendox
1003 3949 1099 4026 foma,
1129 3964 1216 4007 noces
1238 3945 1406 4009 molestam

291 4047 525 4132 repetitionem.
557 4054 590 4112 at
605 4048 685 4114 haec
701 4048 773 4134 ipsa
789 4068 864 4112 num
881 4048 957 4113 vitio
975 4047 1086 4112 caret?
1122 4048 1172 4112 cui
1194 4048 1278 4113 enim
1294 4056 1406 4115 nocet
1477 4048 1479 4054 '

292 4151 378 4236 quod
401 4152 490 4217 lama
520 4152 637 4219 falsam
658 4154 825 4220 Vertumni
855 4154 992 4220 nominis
1022 4151 1180 4236 originem
1212 4153 1406 4220 ementitur?

291 4257 434 4345 prolecto
462 4279 567 4342 neque
587 4259 649 4345 ipsi
673 4260 848 4325 Vertumno
871 4278 977 4342 neque
1000 4258 1148 4324 auditori.
1202 4260 1316 4342 quodsi
1340 4266 1406 4326 tam

291 4383 409 4434 vanum
433 4371 483 4434 cst
505 4365 583 4430 illud
606 4365 742 4432 nocendi
758 4367 902 4451 verbum,
926 4386 981 4430 cur
1002 4364 1121 4431 famam
1145 4367 1310 4432 mentitam
1333 4387 1405 4436 esse
