3226 5162
830 457 890 519 106

297 647 421 711 cunque
438 630 595 714 collectos,
612 650 691 712 quos
708 637 851 696 nostrum
862 630 1051 716 scriptorem
1061 631 1220 695 imitatum
1231 652 1302 698 5555
1311 631 1419 714 arguit

297 734 362 818 ille,
381 735 487 802 athas
505 737 628 820 elegias
645 745 700 802 aut
715 736 795 801 nihil
812 737 1029 804 similitudinis
1047 745 1109 822 est,
1133 745 1205 821 aut,
1221 737 1248 802 si
1265 745 1419 821 quaeest,

299 841 420 907 eisdem
437 843 533 910 rebus
548 844 688 909 narratis
705 845 783 909 satis
801 846 990 930 explicatur.
1013 851 1079 912 tum
1095 845 1265 911 Herculem
1282 845 1316 909 in
1324 845 1417 909 Latio

296 953 454 1014 mortuum
485 949 548 1015 dici
572 971 667 1016 carm.
690 953 726 1036 V,
749 957 766 1018 7
790 974 819 1018 r.
845 958 885 1018 64
910 973 973 1017 555
996 952 1225 1036 contendisset,
1247 952 1310 1018 nisi
1333 952 1417 1036 turpi

297 1075 405 1121 errore
429 1056 512 1122 hunc
535 1079 663 1124 versum
688 1058 729 1124 de
745 1060 857 1144 poenis
874 1059 915 1123 ab
932 1059 1069 1124 Hercule
1086 1067 1188 1124 morte
1206 1059 1355 1143 expensis
1371 1059 1417 1122 in·
1480 1067 1489 1088 “·

295 1163 481 1229 tellcxisset.
508 1164 589 1230 duas
612 1171 719 1231 autem
729 1164 855 1248 Scyllas
865 1172 947 1231 inter
964 1186 999 1232 se
1015 1165 1211 1231 contundens
1229 1186 1324 1230 carm.
1342 1165 1379 1248 V,
1398 1171 1416 1228 4

296 1291 347 1335 vv.
378 1275 417 1336 39
441 1290 487 1354 sq.
511 1270 697 1356 Propertius
720 1279 805 1338 tutus
828 1281 876 1339 cst
900 1271 1009 1338 Ovidii
1033 1281 1065 1339 et
1089 1272 1225 1355 Vergilii
1251 1272 1413 1356 exemplo;

295 1375 383 1442 idem
408 1377 492 1442 enim
518 1377 629 1460 quidni
645 1380 741 1443 aliam
759 1379 827 1464 hic,
850 1392 945 1445 carm.
962 1380 1025 1464 IV,
1052 1384 1090 1446 19
1107 1401 1158 1445 vv.
1176 1384 1213 1443 21
1235 1397 1305 1461 sqq.
1320 1378 1418 1442 aliam

297 1482 428 1549 fabulae
451 1484 609 1551 rationem
625 1485 847 1569 sequaturrr).
880 1507 963 1570 quac
980 1507 1050 1551 cum
1066 1486 1113 1551 ita
1129 1486 1203 1570 sint,
1220 1505 1260 1550 ne
1277 1484 1419 1549 Oaruttio

297 1589 425 1672 quidem
443 1590 559 1655 librum
577 1591 720 1674 quintum
738 1613 758 1656 a
773 1592 940 1678 Propertio
955 1613 1019 1658 non
1035 1593 1246 1677 compositum
1264 1611 1335 1658 esse
1346 1611 1418 1655 con·

195 1699 198 1706 ’
297 1694 384 1760 cedo.
445 1717 549 1780 neque
578 1698 764 1763 vaticinium
788 1699 957 1783 astrologi,
988 1699 1073 1780 quod
1094 1719 1135 1764 ne
1160 1719 1221 1795 ego
1246 1697 1419 1781 quidema

296 1802 463 1886 Propertio
487 1803 665 1888 proiectum
689 1825 821 1889 censeo,
846 1806 900 1872 ille
927 1805 1147 1891 probabilibus
1164 1804 1361 1888 argumentis
1377 1804 1418 1868 ab

295 1909 459 1993 hocpocta
481 1909 686 1995 abiudicavit,
701 1912 761 1976 nisi
779 1912 864 1994 quod
881 1923 913 1977 et
943 1913 1014 1998 ipse
1038 1935 1088 1979 vv.
1114 1917 1175 1976 122
1197 1931 1300 1995 sqqc
1322 1931 1418 1976 carm.

296 2017 320 2099 Ι,
342 2020 383 2080 22
409 2036 579 2102 expressos
600 2019 731 2084 notavit.
777 2038 851 2083 narn
868 2041 897 2084 v.
918 2023 973 2083 121
994 2026 1124 2104 propter
1139 2025 1230 2084 notos
1247 2025 1382 2102 penates
1399 2035 1419 2078 a

296 2122 466 2208 Propertio
482 2123 594 2188 humili
610 2124 679 2189 loco
695 2131 770 2190 nato
788 2124 855 2204 (cir.
872 2145 968 2190 carm.
985 2127 1041 2209 llI,
1058 2130 1098 2189 24
1116 2125 1145 2208 b,
1162 2129 1202 2190 37
1221 2145 1281 2207 sq.;
1302 2125 1418 2207 Illac,

298 2235 338 2294 55
357 2229 418 2316 sq.)
435 2230 608 2296 abhorrere
625 2238 714 2297 ratus
729 2230 940 2315 horoscopum
957 2231 1105 2296 laudibus
1130 2231 1237 2296 omnia
1253 2248 1417 2312 exaugere

297 2337 448 2420 neglexit.
463 2357 569 2419 neque
579 2337 764 2420 Propertius
772 2360 823 2404 vr.
833 2346 844 2401 1
853 2342 893 2403 33
902 2358 947 2420 sq.
957 2337 1125 2402 rhetoricis
1135 2336 1417 2402 exercitationibus

297 2463 428 2527 operam
443 2463 583 2509 navasse
593 2444 711 2508 iniuria
719 2443 843 2528 dicitur,
854 2444 930 2527 quia
940 2443 990 2508 lris
999 2443 1145 2509 solebant
1154 2442 1274 2508 erudiri
1290 2441 1416 2506 adules-

297 2556 404 2615 centes
414 2550 557 2613 Romani.
586 2557 756 2636 praeterea
772 2557 904 2635 propter
920 2549 1069 2616 victorias
1087 2550 1170 2614 bello
1186 2531 1366 2632 reportalas
1383 2549 1416 2612 in

296 2655 499 2740 Propertium
521 2677 585 2722 non
607 2657 777 2722 convenire
793 2679 844 2722 vv.
872 2663 932 2722 139
950 2677 996 2740 sq.
1013 2656 1140 2721 criticus
1157 2662 1265 2722 noster
1280 2655 1416 2737 censuit,

297 2763 372 2846 qnia
387 2762 438 2828 his
454 2763 600 2829 versibus
616 2784 679 2828 non
688 2763 814 2847 Veneri,
830 2762 888 2849 sed
899 2763 1010 2827 Martis
1019 2745 1165 2826 militiam
1175 2761 1415 2827 commemorari

296 2868 359 2934 sibi
367 2870 536 2953 persuasit.
546 2869 685 2951 denique
695 2869 857 2955 quodipse
867 2869 1055 2953 Propertius
1064 2869 1186 2952 carml,
1203 2872 1243 2931 22
1261 2869 1294 2932 15
1311 2867 1415 2953 plani·

297 2975 348 3058 tie,
365 2977 546 3059 astrologus
563 2998 612 3041 vv.
633 2981 689 3040 121
710 2997 779 3058 sqq.
795 2977 826 3039 in
844 2976 914 3040 loco
931 2975 1017 3040 edito
1027 2975 1164 3058 patriam
1175 2981 1291 3060 poetae
1301 2974 1416 3060 posuit,

296 3078 330 3143 id
354 3081 460 3163 quivis
484 3080 631 3164 diligenti
647 3081 759 3146 horum
775 3082 915 3147 locorum
931 3081 1197 3165 interpretatione
1213 3080 1386 3166 expedibit.

302 3209 515 3218 ’.μ-ἡ...-

371 3264 398 3328 ¹)
420 3257 507 3314 Oarm.
527 3258 561 3326 V,
583 3264 657 3313 2vv.
677 3263 709 3312 ³5
731 3275 771 3328 sq.
786 3258 928 3312 damnavit
941 3258 1092 3325 Oaruttius,
1106 3257 1175 3340 quia,
1185 3258 1368 3312 Vertumnum
1387 3272 1416 3312 se

296 3347 388 3416 ipsum
402 3365 453 3402 sno
469 3348 578 3402 nominc
592 3350 735 3417 appellare
748 3363 832 3416 posse
847 3354 937 3415 negat,
947 3346 1036 3401 athoc
1044 3346 1155 3416 quidem
1163 3346 1278 3414 iniuria3
1293 3346 1417 3400 eiusdem

296 3437 402 3506 elegiae
424 3455 470 3492 vv.
484 3443 515 3492 57
532 3453 572 3506 sq.
587 3443 618 3491 ut
629 3433 757 3492 inficetos
770 3433 921 3505 expunxit,
943 3453 1004 3491 curn
1018 3435 1165 3489 Vertumni
1178 3435 1293 3489 facetias
1306 3451 1363 3488 non
1375 3435 1417 3487 in·

296 3527 449 3595 tellegeret.
486 3526 537 3581 sed
549 3527 667 3581 eundem
680 3543 761 3580 carm.
775 3527 810 3592 V,
824 3531 837 3578 1
853 3543 898 3578 vv.
913 3530 941 3578 71
960 3541 1000 3594 sq.
1015 3524 1132 3578 alienam
1146 3525 1239 3578 sedem
1253 3529 1347 3578 tenere
1360 3541 1416 3578 non

295 3614 377 3683 fugit.
414 3631 572 3685 quanquam
584 3615 764 3684 transpositis
778 3613 818 3668 eis
831 3620 898 3683 post
910 3631 936 3668 v.
951 3617 984 3666 8ss
998 3618 1027 3667 et
1039 3629 1137 3667 cursus
1150 3613 1253 3667 mentio
1267 3613 1363 3682 inepta
1375 3619 1418 3666 est

297 3709 326 3757 ct
338 3721 383 3757 vv.
398 3708 429 3755 85
445 3720 485 3772 sq.
499 3720 515 3756 5
529 3721 573 3756 vv.
593 3708 623 3756 87
640 3720 680 3772 sq.
694 3704 764 3758 male
778 3702 956 3757 divelluntur.
1006 3701 1131 3756 eiusdem
1145 3706 1237 3757 autem
1250 3701 1358 3770 elegiae
1371 3718 1416 3755 vv.

300 3797 329 3846 17
345 3809 386 3862 sq.
399 3796 516 3861 propter
529 3792 684 3846 orationem
698 3793 836 3845 turbatam
849 3797 878 3845 ct
891 3791 1056 3846 sententiam
1069 3806 1231 3860 perversam
1245 3790 1329 3845 obelo
1338 3795 1417 3844 nota·

297 3881 346 3934 vit.
384 3886 413 3934 51
426 3881 474 3934 ubi
486 3898 531 3935 vv.
549 3887 577 3934 15
593 3897 633 3950 sq.
647 3880 795 3950 Tarpeiam
809 3880 925 3949 virginis
938 3880 1062 3935 Vestalis
1074 3895 1188 3934 munere
1201 3879 1280 3946 fungi
1294 3878 1418 3932 narravit

298 3974 396 4038 poeta,
416 3969 489 4023 hand
502 3971 596 4039 inept'e
610 3970 660 4023 hac
673 3971 735 4038 ipsa
747 3987 777 4024 re
791 3970 949 4023 admonitus
963 3974 1041 4022 tanta
1055 3969 1096 4023 ira
1110 3968 1222 4036 exarsit,
1237 3973 1268 4020 51
1280 3967 1416 4036 Tarpeiae

298 4073 383 4127 quae,
405 4058 531 4126 quamvis
549 4057 593 4112 vel
606 4059 695 4126 prima
708 4058 823 4112 Vestam
838 4058 909 4112 tueri
917 4057 1044 4125 deberet,
1065 4061 1156 4112 tamen
1177 4058 1264 4122 (etv.
1286 4060 1317 4109 17
1339 4080 1373 4100 =
1393 4061 1418 4110 ct

298 4150 413 4212 tamea.)
445 4145 505 4199 5155
520 4145 612 4214 ignem
629 4146 725 4202 fallere
744 4146 879 4212 voluerit,
900 4146 1037 4214 triplicem
1054 4151 1171 4200 mortem
1191 4145 1359 4214 imprecatus
1373 4143 1417 4197 511.

298 4235 418 4304 denique
431 4235 515 4288 ctiam
528 4250 609 4288 carm.
623 4235 658 4302 V,
673 4239 688 4288 6
701 4252 747 4288 vv.
764 4239 865 4288 11-68
880 4252 941 4288 cum
955 4234 1054 4289 ceteris
1066 4235 1136 4289 male
1149 4234 1298 4289 cohaerere
1311 4233 1417 4288 intelle·

298 4323 347 4392 xit,
361 4339 451 4393 neque
466 4328 557 4378 tamen
570 4323 624 4378 hoc
637 4323 842 4392 digressionum
855 4323 968 4378 licentia
981 4323 1049 4377 satis
1063 4323 1215 4377 excusavit.

756 4453 964 4496 -οοκςοο-
