3258 5168
822 440 860 499 12

285 611 487 680 vocabulum.
532 631 637 695 neque
654 633 731 678 vero
747 611 872 697 palmas
888 609 1014 694 magnis
1030 609 1194 677 laboribus
1218 609 1273 676 vix
1288 630 1398 696 repor-

284 725 368 784 tatas
392 719 490 783 totius
512 717 691 784 sententiae
721 716 846 783 indoles
871 724 903 782 et
926 722 1041 782 natura
1061 715 1131 781 fert
1178 715 1256 799 quid
1285 715 1398 781 enim?

284 825 463 907 quicunque
488 823 539 888 hic
567 823 714 906 loquitur,
746 824 814 889 sive
837 823 954 907 Apollo
978 823 1048 888 sive
1071 822 1275 908 horoscopus,
1301 843 1397 887 unam

266 921 407 996 ¹certam
422 930 564 1016 puellam
581 949 639 1015 pro
663 929 809 994 omnibus
835 948 915 1010 quas
940 928 1005 993 iam
1028 927 1185 994 devicerit
1209 928 1397 1013 Propertius

283 1056 403 1121 poenas
420 1041 620 1120 sumpturam
637 1053 709 1101 esse
726 1054 785 1100 sua
801 1054 881 1117 erga
896 1034 1034 1099 amicum
1055 1035 1207 1117 superbia
1231 1040 1263 1099 et
1287 1032 1397 1098 crude-

282 1142 375 1208 litate
396 1142 589 1227 pronuntiat.
642 1161 726 1223 quae
748 1139 899 1223 frequens
920 1146 970 1206 est
992 1146 1160 1225 poetarum
1182 1140 1398 1223 elegiacorum

284 1247 461 1331 sententia3
490 1246 544 1313 cfr.
561 1247 705 1332 Propert.
721 1248 745 1330 Ι,
778 1251 825 1330 13,
847 1253 865 1310 5
884 1266 952 1329 sqq.
999 1246 1088 1328 atqui
1111 1245 1188 1328 quid
1212 1252 1260 1312 est
1282 1244 1395 1312 istud?

282 1373 367 1419 nova
383 1354 487 1418 amica
506 1372 562 1418 eas
579 1353 705 1437 puellas
722 1351 883 1416 ulciscitur
900 1371 959 1438 sua
975 1351 1137 1435 superbia,
1159 1372 1294 1434 quarum
1310 1352 1396 1436 ipsa-

282 1481 352 1523 rum
368 1457 471 1523 fastus
488 1458 543 1524 vix
554 1456 850 1543 superavitpoeta‘l
881 1456 1008 1522 facilem
1026 1477 1097 1523 eum
1107 1457 1147 1522 de
1155 1457 1219 1523 illis
1229 1457 1398 1524 victoriam

282 1570 466 1649 reportasse
486 1583 591 1629 norme
616 1564 723 1648 potius
755 1561 925 1628 dicendum
958 1562 1050 1629 erat?
1106 1583 1183 1646 ergo
1204 1583 1276 1628 oum
1298 1569 1397 1629 totam

282 1671 474 1736 sententiam
491 1669 631 1754 simplici
647 1675 748 1734 labore
768 1689 847 1734 voce
867 1669 985 1735 inverti
1009 1669 1172 1753 sensisset,
1195 1669 1346 1735 Heinsius
1364 1674 1398 1734 ut

283 1777 351 1842 eius
371 1776 457 1842 modi
473 1795 569 1858 quem
591 1775 842 1858 significavimus
864 1776 1062 1840 enuntiatum
1079 1776 1218 1859 olioeret,
1234 1775 1403 1860 proposuit
1520 1857 1528 1872 ,

280 1889 391 1947 ricimer·
405 1888 514 1947 labore.
559 1887 667 1946 tamen
683 1876 891 1946 viro'eximio
907 1901 971 1946 non
994 1881 1162 1964 assentior,
1186 1881 1263 1963 quia
1286 1887 1318 1946 et
1340 1886 1398 1945 oic-

281 1995 368 2052 rrr‘ccs
387 1997 506 2068 polmus
527 1987 649 2072 expulit
674 2007 754 2069 quas
779 1987 860 2052 bene
884 2007 957 2052 sese
979 1987 1100 2052 habere
1124 1985 1264 2052 ostendit
1288 1986 1397 2052 Horat.

282 2095 375 2178 epist.
391 2095 416 2177 Ι,
436 2097 465 2177 3,
498 2097 539 2158 25
565 2100 597 2158 et
621 2091 745 2158 Seneca
767 2093 882 2175 Agam.
907 2098 969 2159 994
995 2115 1051 2177 sq,
1074 2111 1179 2175 neque
1203 2093 1396 2158 sententiam

281 2200 360 2265 satis
369 2199 574 2284 perspicuam
584 2198 698 2264 effecit.
730 2219 827 2282 quam
836 2200 1047 2282 assequimur,
1063 2200 1091 2264 si
1104 2199 1398 2284 palmasvictricos‚

282 2326 361 2388 quas
377 2325 462 2371 nova
480 2305 585 2370 amica
601 2305 630 2370 ei
648 2311 800 2389 ereptura
816 2311 874 2388 est,
889 2310 986 2389 poeta
1001 2325 1069 2388 per
1085 2324 1250 2369 amorem
1267 2305 1309 2370 ab
1325 2304 1397 2370 aliis

280 2411 396 2496 puellis
412 2410 474 2476 sibi
491 2429 625 2495 parasse
642 2409 765 2476 dicitur.
812 2430 890 2494 ergo
906 2409 988 2476 haec
1003 2409 1176 2476 LABORH
1201 2409 1396 2475 mutabimus

279 2517 326 2582 ita
345 2505 518 2582 lAMORH.
549 2537 624 2581 nam
648 2537 728 2598 quas
744 2523 774 2580 in
791 2538 891 2581 umore
907 2517 1033 2602 palmas
1053 2517 1182 2600 rettulit,
1199 2537 1255 2582 eas
1265 2516 1397 2583 eludere

278 2642 383 2688 novae
407 2622 531 2687 amicae
554 2623 707 2707 superbia
731 2630 818 2688 recte
839 2622 962 2687 dicitur.
1013 2628 1154 2688 ceterum
1177 2624 1201 2686 I.
1225 2622 1296 2689 visa
1312 2624 1347 2686 L.
1364 2629 1398 2686 ut

280 2728 318 2812 V,
341 2733 371 2813 2,
387 2731 428 2793 35
447 2735 508 2792 citu
530 2728 570 2793 N.
587 2737 665 2804 elba
688 2739 718 2812 4,
738 2734 751 2792 1
771 2735 918 2809 Tarpeiae
941 2731 979 2793 N.
996 2734 1162 2810 Torporem
1193 2734 1222 2812 5,
1247 2733 1288 2794 36
1312 2736 1398 2792 molis

280 2835 319 2899 N.
329 2832 366 2898 G.
382 2841 484 2910 molta
501 2833 556 2898 cfr.
572 2834 742 2900 Ribbeckii
756 2836 847 2920 proll.
865 2835 960 2917 Verg.
977 2857 1008 2920 p.
1024 2839 1103 2917 2463
1133 2840 1200 2922 tum
1216 2834 1257 2898 Μ.
1274 2835 1345 2900 visa
1361 2835 1396 2898 B.

280 2946 314 3005 ut
331 2941 367 3024 V,
382 2946 460 3025 8,15
480 2946 603 3020 Cynthia
617 2948 731 3006 mortuis
746 2941 785 3006 N.
796 2940 832 3006 G.
845 2947 968 3022 Opotbt'o
983 2946 1020 3005 ab
1037 2947 1140 3016 aarum
1157 2939 1210 3005 cfr.
1228 2939 1397 3006 Ribbeckii

279 3047 371 3132 proll.
388 3046 485 3129 Verg.
502 3069 533 3131 p.
557 3050 630 3112 238.
654 3085 697 3092 —
720 3048 870 3112 similini
892 3046 986 3112 fallor
1008 3047 1190 3133 corruptela
1213 3046 1340 3111 laborat
1357 3046 1395 3129 V,

283 3158 331 3236 10,
347 3156 388 3216 42
405 3157 508 3218 nobilis
524 3159 626 3217 erectis
638 3159 768 3231 fundere
783 3175 877 3232 poeto
891 3161 972 3232 rottr,
996 3172 1067 3218 cum
1089 3163 1205 3218 arctoe
1225 3173 1309 3235 quae
1334 3153 1397 3218 sint

278 3263 368 3324 rotae
400 3258 556 3343 explicari
588 3259 716 3322 omnino
747 3279 810 3323 non
842 3259 951 3342 possit.
1005 3258 1236 3341 Hertzbergius
1268 3259 1396 3342 scripsit

280 3371 413 3441 crectis;
436 3370 469 3428 at
492 3385 691 3449 magnopere
711 3365 771 3429 hoc
786 3364 950 3447 languere,
972 3364 1033 3429 nisi
1050 3362 1189 3428 addatur
1206 3366 1396 3430 vocabulum

280 3492 342 3553 quo
360 3470 493 3536 rectoris
510 3491 563 3535 ars
579 3469 738 3554 laudetur,
762 3471 833 3554 ipse
851 3469 1002 3536 Caesaris
1018 3471 1106 3535 locus
1123 3469 1163 3535 de
1180 3471 1210 3535 b.
1227 3469 1273 3549 G,
1282 3472 1336 3554 IV,
1354 3475 1393 3535 33

280 3577 381 3642 docet.
412 3576 471 3642 sed
487 3577 556 3641 iure
572 3575 659 3640 idem
674 3575 822 3661 Lipsium
840 3598 855 3639 c
872 3583 952 3640 lectra
968 3575 1162 3640 scribentem
1179 3577 1271 3657 sequi
1287 3577 1395 3659 noluit,

280 3683 431 3765 quoniam
455 3681 535 3747 illud
559 3701 664 3765 neque
688 3682 753 3745 ullo
777 3683 960 3747 testimonio
984 3683 1096 3748 nititur
1125 3688 1157 3746 et
1180 3683 1262 3748 tales
1287 3702 1396 3747 currus

280 3788 432 3855 describit
447 3787 532 3853 unde
548 3808 650 3870 gaesa
665 3787 755 3852 fundi
778 3808 841 3852 non
858 3789 989 3872 possint.
1027 3788 1179 3855 Heinsius
1202 3806 1280 3853 vero
1304 3807 1406 3872 repo-¹

279 3894 382 3960 nendo
399 3905 518 3961 coctos
532 3915 596 3958 non
612 3893 783 3978 falcigeros
800 3901 835 3960 ut
851 3894 961 3979 voluit,
978 3895 1036 3962 sed
1049 3914 1125 3960 aere
1134 3894 1272 3959 munitos
1290 3892 1396 3958 effecit

279 4020 407 4083 currus,
443 4007 477 4065 at
503 4000 535 4065 hi
567 4007 698 4086 propter
718 4002 862 4086 ipsorum
887 4001 1012 4087 pondus
1035 4003 1140 4068 minus
1164 3997 1396 4066 accommodati

279 4113 371 4172 erant
387 4105 430 4170 ad
447 4125 519 4170 eam
535 4105 702 4190 pugnandi
718 4107 885 4190 rationem,
901 4108 934 4172 in
950 4128 1015 4190 qua
1032 4108 1176 4173 curribus
1193 4104 1305 4174 Gallos
1322 4125 1396 4171 usos

280 4231 351 4278 esse
374 4210 494 4276 Caesar
514 4217 658 4277 testatur.
705 4210 748 4276 ad
771 4211 853 4278 hanc
876 4220 984 4278 autem
1008 4215 1036 4278 si
1061 4214 1260 4298 respicimus,
1291 4231 1396 4278 nonne

279 4338 350 4382 oum
367 4318 476 4399 aliqua
491 4317 718 4403 probabilitate
735 4318 876 4385 scribere
893 4317 968 4385 licet
990 4325 1132 4384 tnooetr'r?
1162 4312 1288 4384 Caesar¹
1311 4319 1396 4384 enim
