3258 5168
501 1233 934 1348 Prooemium.

689 1453 794 1465 Atvvvvvvw

264 1547 347 1644 Cum
378 1575 477 1641 aeteri
494 1575 548 1656 qui
565 1574 701 1656 Augusti
725 1579 832 1640 aetate
856 1573 1031 1640 floruerunt
1053 1579 1170 1658 poetae
1186 1573 1294 1636 Latini

178 1683 294 1748 nostris
316 1681 514 1766 temporibus
536 1686 587 1748 sat
617 1681 733 1746 multos
765 1680 892 1747 oritieos
924 1687 956 1746 et
986 1680 1179 1764 interpretes
1209 1680 1293 1744 nauti

179 1789 250 1872 sint,
270 1788 325 1870 qui
347 1787 381 1850 in
404 1787 570 1872 Propertio
588 1793 644 1851 aut
666 1786 862 1852 reeensendo
887 1793 944 1852 aut
968 1785 1158 1869 explicando
1182 1805 1293 1850 auram

178 1894 358 1977 posuerint,
388 1894 483 1976 pauoi
511 1899 634 1957 tantum
658 1893 819 1958 exstitisse
849 1892 1008 1958 videntur.
1061 1898 1203 1957 attamen
1231 1912 1295 1956 non

180 2002 281 2066 solum
299 2001 546 2066 commentarius
563 2000 618 2081 qui
634 1998 766 2081 quidem
781 2005 909 2064 nostrae
926 1999 1042 2064 aetatis
1057 1997 1246 2081 diligentiae
1262 2005 1294 2062 et

180 2105 344 2170 doetrinae
361 2105 556 2189 satisfaciat,
581 2126 694 2172 verum
711 2105 808 2170 etiarn
825 2106 910 2170 iusta
925 2105 1071 2171 recensio
1095 2103 1188 2170 deest
1211 2122 1294 2185 quae

180 2212 265 2276 omni
282 2212 475 2296 optimorum
485 2211 628 2278 oodieum
639 2212 797 2276 varietate
813 2218 962 2276 aoourate
972 2230 1109 2276 exoussa
1124 2210 1294 2294 pristinum

181 2324 296 2402 poetae
313 2317 517 2402 splendorem
531 2337 723 2401 recuperare
733 2317 904 2382 oonatasit.
936 2317 1051 2399 quibus
1061 2307 1158 2382 rebus
1175 2314 1294 2379 laetum

181 2431 238 2506 est,
261 2430 296 2488 ut
319 2443 398 2506 prae
420 2423 534 2489 oeteris
558 2423 704 2505 quintum
727 2421 888 2506 Propertii
909 2423 1026 2487 librum
1035 2423 1067 2502 *l
1088 2443 1108 2486 a
1128 2421 1247 2486 oritiois
1263 2428 1296 2486 et

181 2529 409 2613 interpretibus
425 2529 520 2594 nimis
541 2530 724 2612 neglectum
749 2528 978 2612 aoeeperimus.
1017 2533 1187 2612 postquam
1212 2527 1298 2591 enim

181 2635 404 2700 Lachmannus
420 2654 461 2699 ne
478 2633 665 2717 diligentius
681 2635 715 2698 in
737 2635 792 2700 illo
821 2633 1026 2718 persananda
1051 2638 1243 2715 versaretur,
1267 2639 1299 2697 et

182 2741 289 2824 patria
312 2760 332 2804 a
353 2738 454 2805 Gallis
478 2741 681 2824 periclitante
703 2741 876 2824 impeditus
900 2748 933 2806 et
955 2742 1099 2826 ipsorum
1122 2740 1297 2805 earminum

182 2866 265 2927 quae
288 2846 336 2910 illi
361 2845 433 2910 visa
456 2851 505 2910 est
527 2845 719 2928 indignitate
735 2845 908 2912 deterritus
933 2851 1193 2929 est„oeterorum
1216 2845 1298 2910 viro-

182 2971 262 3034 rum,
286 2951 314 3016 si
338 2951 392 3032 qui
409 2971 500 3015 suam
517 2949 685 3035 Propertio
709 2971 819 3016 euram
842 2958 1053 3035 navaverunt,
1084 2950 1244 3016 industria
1267 2955 1299 3014 et

183 3054 361 3138 diligentia,
377 3062 412 3120 ut
426 3055 497 3122 fieri
512 3055 580 3122 fere
596 3057 687 3140 solet,
711 3057 744 3120 in
767 3056 830 3122 fine
846 3058 952 3141 operis
976 3057 1175 3139 aliquantum
1196 3056 1299 3120 immi-

183 3170 261 3227 nuta
277 3169 334 3227 est.
379 3162 437 3228 sed
459 3183 561 3247 nuper
578 3163 812 3228 Heimreiehius
835 3164 868 3226 in
884 3164 989 3247 symb.
1005 3164 1113 3247 philol.
1129 3164 1228 3228 Bonn.
1245 3185 1299 3246 pp.

184 3272 246 3332 etl
265 3287 333 3350 sqq.
356 3287 416 3333 neo
439 3288 502 3332 non
529 3268 788 3351 Esobenburgius
811 3269 845 3332 in
867 3269 921 3332 lib.
946 3269 1078 3334 miseell.
1102 3291 1122 3334 a
1146 3270 1299 3335 societate

175 3373 291 3465 philol.
307 3374 406 3438 Bonn.
423 3373 510 3439 edito
526 3394 578 3458 pp.
596 3378 637 3438 83
654 3394 724 3456 sqq.
740 3375 773 3437 in
796 3373 855 3438 boo
870 3374 953 3439 libro
977 3381 1009 3440 et
1031 3376 1132 3440 aritini
1156 3381 1189 3441 et
1203 3376 1299 3439 inter-

183 3481 282 3565 pretis
299 3491 413 3546 munus
435 3486 565 3544 strenue
589 3486 807 3562 susceperunt.
853 3501 988 3562 quorum
1011 3487 1119 3547 tamen
1141 3483 1197 3546 ille
1220 3482 1300 3546 haee

185 3586 327 3650 earmina
341 3585 614 3670 aPropertiotota
629 3584 834 3667 abiudicavit,
851 3585 903 3650 hio
911 3592 1039 3671 tempus
1055 3593 1180 3651 tantum
1189 3607 1299 3652 eorum

184 3690 369 3774 diligentius
398 3690 557 3774 indagare
585 3691 716 3758 studuit.
768 3691 817 3756 his
848 3699 956 3758 autem
984 3693 1090 3758 oausis
1125 3698 1300 3757 commotus

185 3818 264 3880 sum,
287 3805 322 3862 ut
345 3804 417 3881 post
432 3798 539 3864 studia
554 3797 719 3863 in'eeteris
735 3797 824 3862 libris
841 3799 1017 3864 exercitata
1040 3819 1166 3863 omnem
1191 3817 1301 3861 euram

185 3909 403 3967 converterem
420 3905 453 3968 in
470 3906 615 3986 quintum
632 3903 792 3988 Propertii
809 3903 934 3968 librum.
981 3903 1022 3969 de
1048 3924 1110 3985 quo
1127 3922 1211 3984 quae
1228 3925 1300 3987 pro-

185 4007 306 4072 babilia
330 4009 492 4075 invenisse
524 4011 602 4074 mibi
626 4010 739 4076 videor
770 4030 854 4074 nuno
886 4031 983 4092 quam
1008 4009 1198 4075 brevissime
1228 4029 1300 4092 pro-

184 4132 311 4197 ponam.
358 4133 396 4179 aa
425 4116 563 4199 primum
596 4117 727 4198 quidem
757 4117 958 4182 diversorum
981 4115 1169 4182 mendorum
1194 4134 1301 4180 emen-

256 4289 285 4359 *)
299 4289 369 4345 Utar
388 4290 417 4343 in
434 4289 486 4344 hae
498 4291 695 4346 dissertatione
709 4293 831 4346 numeris
851 4292 984 4346 editionis
997 4291 1174 4360 Hauptianae
1189 4291 1300 4344 tertium

185 4379 386 4448 recognosse.
404 4383 478 4433 1868.
1124 4458 1136 4516 1
