3258 5168
737 470 779 533 29

204 643 344 710 refutant
367 645 517 711 carminis
543 643 734 710 divisionem
758 643 958 728 respiciendo
983 643 1024 708 ad
1048 643 1206 730 Apollinis
1230 643 1317 729 apud

204 751 331 815 Actium
353 751 506 815 auxilium
531 750 616 832 quod
641 772 691 816 vr.
713 754 854 814 11-68
879 756 1053 815 enarratur.
1099 749 1186 815 lr‘ella
1209 755 1317 814 tamen

203 856 259 939 qui
275 858 393 942 poterit
409 857 563 922 cecinisse
579 857 640 922 sibi
653 855 756 920 videri
772 857 800 920 is
818 855 871 938 qui
881 855 1039 940 Apollinis
1048 856 1186 922 Palatini
1202 855 1316 921 aedem

204 983 239 1029 se
255 963 430 1028 relaturum
447 983 518 1028 csse
534 963 689 1048 promittit
705 983 757 1027 vv.
770 969 803 1026 11
826 983 872 1044 sq.
882 963 1000 1045 quique
1017 963 1075 1027 lroc
1091 968 1316 1045 argumentum

203 1071 345 1135 maxima
369 1070 518 1134 carminis
541 1075 635 1154 parte
660 1069 805 1134 conlecta
829 1077 1032 1153 persecutum
1054 1089 1088 1134 se
1112 1088 1184 1134 esse
1208 1067 1318 1134 scribit

203 1198 255 1242 vv.
272 1181 313 1241 67
330 1175 402 1258 sq?
434 1175 571 1258 denique
596 1177 650 1257 qui
670 1177 702 1239 in
725 1176 797 1260 ipso
814 1176 955 1240 carmine
979 1195 1107 1260 pugnae
1122 1175 1316 1240 mentionem

204 1282 237 1346 in
253 1289 437 1371 transcursu
460 1285 581 1344 tanturn
603 1281 720 1363 iniecit,
741 1279 799 1346 sed
816 1280 975 1366 Apollinis
991 1281 1115 1346 Actiaci
1140 1281 1316 1348 orationem

204 1394 236 1452 et
252 1388 405 1452 auxilium
423 1386 644 1471 copiosissime
669 1385 868 1471 explicavit?
915 1386 1032 1452 deinde
1057 1387 1152 1452 etiam
1178 1387 1316 1452 dissecto

202 1493 261 1558 hoo
277 1494 418 1557 carmine
434 1511 546 1558 versus
563 1493 634 1559 illos
652 1494 854 1579 probabilem
878 1493 999 1559 habere
1020 1494 1315 1578 interpretationem

202 1620 301 1684 supra
317 1597 582 1682 significavimus:
612 1607 759 1684 spectant
782 1600 931 1664 nimirum
953 1600 995 1664 ad
1012 1600 1139 1685 epicum
1156 1600 1316 1684 Propertii

203 1725 332 1770 carmen
356 1725 417 1786 quo
442 1705 474 1768 in
495 1703 707 1770 describendo
731 1705 854 1790 proelio
880 1705 1011 1770 Actiaco
1032 1705 1178 1789 inprimis
1200 1705 1315 1790 Apollo

202 1811 300 1876 armis
316 1810 452 1892 insignis
468 1809 617 1875 laudatus
634 1816 711 1876 crat.
743 1830 821 1893 ergo
829 1810 887 1876 hos
897 1831 1010 1876 versus
1019 1810 1061 1875 ad
1070 1812 1215 1895 proxime
1228 1817 1316 1876 ante-

202 1915 353 1982 cedentes
369 1915 491 1980 referre
515 1935 578 1981 non
601 1917 760 1999 cogimnr;
789 1915 847 1982 sed
870 1936 911 1981 ne
935 1922 1068 2000 possunt
1091 1917 1219 1999 quidem
1241 1917 1316 1981 illuc

201 2024 371 2108 respicere.
416 2043 490 2086 narn
507 2026 634 2106 tempus
651 2022 811 2105 quodiam
828 2027 870 2101 (v.
888 2027 942 2104 69)
966 2029 998 2086 et
1013 2045 1091 2088 nunc
1114 2028 1155 2101 (v.
1174 2029 1226 2104 71)
1244 2044 1316 2108 par-

201 2128 305 2193 ticulis
330 2127 479 2192 definitur
503 2129 544 2192 ab
568 2128 622 2193 illo
640 2128 803 2195 diversum
828 2135 877 2194 est
893 2150 954 2212 quo
972 2129 1057 2194 bella
1082 2130 1195 2195 cecinit
1212 2135 1315 2214 poeta.

201 2232 281 2300 haec
304 2240 414 2306 tamen
442 2234 470 2299 si
501 2240 657 2300 tractasse
685 2234 785 2300 lertur
814 2235 968 2318 proximis
997 2236 1143 2301 versibus
1172 2234 1315 2301 eiusdem

202 2339 327 2422 elegiae
345 2360 408 2422 qua
423 2359 508 2404 nunc
524 2341 648 2406 leviora
665 2345 856 2423 argumenta
872 2360 907 2405 se
924 2345 1035 2424 petere
1046 2340 1226 2425 adseverat,
1243 2363 1315 2426 pro-

201 2445 283 2512 fecto
300 2446 395 2512 simul
411 2446 537 2528 utrique
559 2447 606 2512 rei
622 2467 755 2532 operam
772 2448 912 2530 navavit,
938 2447 1089 2528 qnoniam
1106 2432 1219 2514 eod‘em
1235 2455 1314 2512 tern-

201 2572 279 2636 pore
295 2551 388 2617 huius
405 2552 556 2618 carminis
573 2573 685 2618 versus
702 2572 812 2618 omnes
829 2535 1026 2638 perscripsit.
1072 2575 1136 2636 qua
1160 2554 1201 2620 de
1218 2574 1317 2620 causa

199 2658 286 2724 bella
302 2665 398 2724 antea
414 2658 479 2723 alio
496 2659 646 2742 carmine,
670 2679 732 2723 non
753 2665 860 2724 nostro
878 2658 1028 2724 cantavit.
1073 2661 1183 2742 itaque
1207 2680 1248 2725 ne
1264 2682 1315 2726 vv.

201 2769 241 2830 69
259 2785 306 2847 sq.
323 2764 452 2846 quidem
469 2785 524 2830 eos
542 2765 595 2846 qui
619 2765 765 2850 proxime
781 2763 979 2848 praecedunt
1002 2766 1153 2850 excipere
1175 2773 1316 2852 possunt.

174 2916 180 2961 ·.
199 2891 294 2956 porro
317 2871 459 2934 carmina
476 2871 633 2935 amatoria
657 2871 890 2954 compositurus
908 2870 1054 2936 Philetae
1079 2878 1110 2938 et
1126 2871 1316 2937 Callimachi

200 2976 383 3062 exemplum
400 2976 462 3042 sibi
478 2995 514 3041 se
531 2996 710 3060 proponere
727 2978 840 3042 merito
856 2984 968 3041 narrat
983 2983 1080 3063 poeta
1096 2978 1150 3061 IV,
1170 2985 1195 3062 1,
1214 2984 1226 3042 1
1247 2999 1315 3062 sqq.

199 3088 233 3147 at
247 3081 298 3147 hic
314 3103 385 3147 curn
402 3080 443 3147 de
459 3081 618 3164 Apollinis
635 3082 774 3147 Palatini
790 3085 843 3150 vel
863 3084 982 3167 templo
1008 3085 1060 3150 vel
1083 3084 1168 3160 ludis
1192 3083 1316 3167 grande

200 3207 330 3253 carmen
354 3186 498 3253 editurus
523 3188 573 3271 sit,
605 3188 701 3270 quale
726 3190 988 3274 etipsevv.12
1014 3211 1082 3272 sqq.
1107 3191 1261 3275 promittit
1285 3199 1316 3256 et

198 3293 404 3376 Hertzbergii
420 3295 589 3377 sententia,
605 3295 633 3359 si
649 3314 728 3359 vera
745 3302 803 3380 est,
818 3297 969 3380 postulat,
986 3295 1063 3379 quid
1078 3303 1244 3362 Pholemeos
1267 3283 1313 3362 co-

197 3404 314 3479 rymbos
330 3403 372 3477 (v.
382 3403 414 3478 3)
431 3405 463 3464 et
482 3406 649 3480 Cyrenaeus
665 3422 760 3480 aquus·
776 3405 817 3479 (v.
827 3407 860 3481 4)
877 3407 996 3486 crepat,
1012 3423 1065 3467 res
1082 3402 1123 3467 ab
1134 3404 1316 3486 argumenti
1418 3402 1420 3407 ⁴

198 3506 362 3587 gravitate
379 3505 543 3572 absonas?
575 3513 685 3570 contra
700 3506 830 3571 levioris
847 3507 1006 3590 carminis,
1024 3510 1120 3590 quale
1128 3531 1179 3574 vv.
1190 3515 1230 3575 69
1246 3531 1314 3593 sqq.

196 3612 384 3696 pertexitur,
399 3611 475 3678 iusti
492 3613 539 3676 illi
555 3611 698 3678 feruntur
712 3620 867 3678 auctores.
900 3619 933 3677 at
949 3614 1002 3695 qui
1020 3625 1113 3679 cutem
1127 3637 1161 3680 se
1170 3617 1316 3701 appellat

197 3723 231 3781 et
244 3739 335 3782 sumu
350 3726 502 3796 sefacere
517 3720 701 3802 pronuntiat
716 3741 744 3784 v.
766 3727 790 3803 l,
807 3721 834 3785 is
851 3720 974 3802 grande
991 3721 1190 3804 prooemium
1208 3721 1315 3787 condit

196 3819 325 3887 sublimi
347 3825 480 3889 carmini
503 3825 595 3890 unice
619 3833 739 3911 aptum.
794 3826 852 3892 sed
877 3825 1035 3891 ridentem
1060 3833 1189 3911 poetam
1209 3846 1313 3891 nonne

196 3929 368 4012 agnoscis?
401 3931 455 4013 qui
471 3931 698 3997 comissaturus
716 3936 779 4010 (vv.
798 3938 835 3996 71
854 3938 935 4014 sqq.)
952 3930 1077 3997 Baccho
1099 3953 1192 3997 sacra
1215 3953 1251 3999 se
1267 3932 1313 3997 fa-

196 4055 269 4100 cere
285 4036 391 4101 iactat.
438 4057 479 4100 an
496 4037 593 4102 etiam
609 4037 663 4121 IV,
682 4043 709 4121 1,
734 4043 752 4102 3
769 4045 910 4102 sacerdos
926 4036 1005 4101 illud
1022 4059 1042 4102 a
1067 4039 1220 4106 carminis
1237 4039 1314 4106 levi-

194 4148 262 4206 tate
279 4141 467 4227 discrepat?
513 4142 652 4225 denique
668 4166 697 4208 v.
718 4149 774 4209 10:

457 4271 540 4330 paru
555 4271 659 4314 uocum
674 4258 735 4315 cuti
750 4258 856 4315 lusarca
871 4259 961 4317 mollit
976 4259 1040 4335 iter,

195 4373 257 4436 quo
274 4353 348 4420 novi
364 4355 492 4436 generis
509 4374 638 4421 carmen
654 4375 689 4421 se
705 4356 854 4422 incohare
863 4354 1048 4441 pronuntiat
1063 4363 1171 4440 poeta,
1190 4356 1312 4444 optime
