3226 5162
634 1353 637 1359 Ι
748 1209 904 1341 Caput
933 1209 1020 1308 lv.

362 1489 454 1565 Quo
474 1489 661 1570 tempore
679 1485 776 1558 libri
796 1485 932 1570 quinti
950 1485 1134 1554 carmina
1151 1486 1394 1569 Propertius

556 1611 763 1695 scripsisse
781 1610 975 1680 videatur
994 1610 1220 1693 quaeritur.

407 1869 480 1968 lam
497 1904 673 1969 carminum
688 1910 868 1971 nostrorum
884 1910 1033 1990 tempora
1041 1902 1218 1969 definituris
1232 1924 1337 1988 pauca
1346 1926 1443 1990 prac-

324 2010 481 2076 mittenda
496 2017 569 2076 sunt
585 2017 621 2076 et
637 2011 682 2077 de
698 2011 818 2076 annis
836 2011 989 2095 quibus
1006 2010 1234 2096 Propertius
1252 2009 1444 2096 Cynthiae

326 2137 464 2182 amore
496 2118 741 2202 tenebatur,
773 2123 813 2183 et
843 2118 890 2183 de
921 2125 1110 2203 tempore
1139 2137 1217 2200 quo
1242 2124 1444 2200 quattuor
1494 2181 1502 2193 ,

325 2224 457 2290 libros
474 2224 701 2309 prioresin
718 2224 930 2310 publicum
948 2224 1107 2290 emisit:
1131 2224 1251 2309 quippe
1268 2224 1383 2307 quibus
1400 2225 1443 2290 de

326 2331 422 2396 rebus
445 2351 550 2413 neque
565 2331 648 2396 inter
673 2351 708 2396 se
725 2331 923 2396 consentiant
940 2337 971 2396 61
988 2329 1147 2412 quaedam
1164 2331 1262 2394 etiam
1278 2331 1361 2396 falsa
1377 2330 1443 2396 dis-

325 2437 509 2523 putaverint
525 2437 587 2503 viri
603 2436 695 2502 docti.
744 2444 840 2519 atque
857 2438 1034 2522 priorem
1052 2431 1346 2519 quaestionc'm
1362 2437 1441 2503 inci-

260 2617 271 2638 ·
323 2564 401 2628 pere
416 2543 492 2608 licet
512 2563 533 2607 a
549 2563 644 2608 carm.
661 2544 699 2628 V,
719 2550 733 2608 1
752 2565 803 2609 vv.
824 2549 884 2608 129
902 2565 970 2627 sqq.
1014 2544 1096 2609 hacc
1112 2550 1220 2608 autem
1237 2542 1278 2608 de
1302 2565 1367 2627 qua
1390 2543 1444 2609 hic

324 2651 465 2734 loquitur
482 2657 591 2715 auctor
608 2670 759 2732 agrorum
776 2627 959 2734 adsignatio
975 2671 1039 2714 non
1054 2657 1130 2715 nota
1145 2650 1202 2714 illa
1220 2669 1248 2713 a.
1266 2651 1351 2735 7¹³l4
1370 2649 1442 2738 (40)

266 2819 269 2826 .
325 2764 382 2842 661,
406 2756 466 2822 sed
482 2777 510 2820 a.
529 2760 590 2820 724
613 2761 690 2840 (30),
715 2776 776 2840 quc
798 2763 871 2849 post
895 2757 1062 2822 victoriam
1087 2757 1251 2822 Actiacam
1275 2757 1442 2841 Augustus

324 2869 493 2930 veteranos
510 2862 659 2946 donavit;
689 2862 730 2928 ad
753 2863 836 2927 hanc
860 2863 944 2929 enim
968 2864 1071 2929 sclam
1095 2865 1251 2929 rationem
1276 2871 1383 2930 cetera
1399 2862 1442 2929 de

323 2971 484 3055 Propertii
507 2970 575 3036 vita
598 2969 782 3035 testimonia
798 2971 1031 3037 accommodari
1048 2978 1189 3057 possunt.
1235 2971 1345 3053 itaque
1362 2970 1440 3035 Pro-

325 3077 473 3164 pertium,
502 3097 573 3164 cum
601 3077 733 3140 nonita
756 3077 854 3141 multo
878 3084 950 3161 post
982 3083 1091 3160 togam
1117 3076 1243 3143 virilem
1267 3077 1441 3161 sumpserit

324 3181 391 3264 (cfr.
407 3187 542 3266 v.131.),
559 3182 646 3248 euius
663 3182 710 3247 rei
726 3181 905 3264 legitimum
924 3181 1023 3248 fuisse
1040 3188 1165 3249 constat
1181 3204 1298 3248 annum
1323 3183 1440 3248 aetatis

323 3290 640 3373 sextumdecimum,
671 3296 782 3353 natum
807 3308 878 3354 6666
895 3290 1098 3372 consequitur
1122 3310 1150 3354 a.
1175 3289 1243 3356 fere
1268 3293 1330 3355 708
1353 3294 1440 3371 (411).

324 3415 407 3479 quae
425 3395 553 3479 quidem
570 3395 773 3480 computatio,
798 3395 924 3460 etiamsi
947 3397 1016 3460 iure
1039 3404 1192 3478 negasset
1209 3396 1440 3478 Hertzbergius

323 3502 366 3566 ad
382 3501 411 3566 h.
428 3524 457 3567 v.
473 3524 542 3566 raca
558 3501 746 3587 particulam
771 3500 813 3564 ad
831 3508 963 3613 qsmpus
988 3508 1144 3587 spectare,
1169 3511 1276 3568 tamen
1299 3503 1339 3566 ab
1365 3502 1440 3569 aliis

323 3610 459 3674 testibus
475 3607 746 3692 comprobaretur.
785 3609 931 3691 congruit
948 3610 1032 3673 enim
1049 3616 1180 3694 praeter
1196 3615 1320 3674 ceteras
1336 3609 1439 3694 ipsius

322 3707 482 3801 Pro‘pertii
505 3713 546 3778 de
563 3714 629 3779 vita
650 3735 709 3778 sua
724 3715 924 3781 narrationes
941 3717 1039 3780 etiam
1056 3715 1190 3782 Ovidius
1207 3716 1301 3781 Trist.
1317 3715 1372 3799 IV,
1399 3722 1438 3780 10

323 3844 375 3890 vv.
392 3828 433 3886 45
451 3842 497 3905 sq.
515 3826 546 3886 61
561 3841 613 3886 vv.
630 3826 667 3884 51
688 3842 757 3903 sqq.
803 3842 877 3886 nam
893 3821 1105 3908 Propertium,
1126 3823 1180 3904 qui
1197 3821 1311 3889 ovidio
1328 3843 1357 3886 a.
1375 3828 1432 3887 711

324 3934 391 4009 (43)
414 3933 489 3992 nato
513 3927 624 4010 maior,
647 3926 704 3992 sed
730 3927 857 3993 Tibullo
881 3935 916 3993 ut
938 3927 1067 3994 videtur
1091 3928 1215 3994 circiter
1240 3949 1268 3992 a.
1286 3935 1348 3994 700
1367 3933 1436 4010 (53)

323 4041 397 4100 nato
421 4034 524 4098 minor
543 4033 595 4097 hic
611 4033 743 4118 dicatur,
764 4033 831 4100 fere
848 4057 876 4100 a.
894 4040 956 4101 708
983 4040 1049 4114 (46)
1073 4040 1184 4099 natum
1209 4055 1280 4101 esse
1306 4055 1437 4101 consen-

323 4147 454 4206 taneum
478 4145 535 4202 est.
582 4144 678 4221 atquc
703 4160 765 4222 quo
781 4147 927 4226 tempore
944 4147 1053 4224 togam
1069 4141 1196 4206 virilem
1213 4147 1324 4207 nactus
1342 4142 1392 4223 sit,
1408 4162 1437 4206 a.

325 4251 386 4313 724
398 4250 465 4326 (30)
475 4243 640 4328 Lycinnae
656 4265 765 4311 amore
774 4246 877 4331 primo
894 4267 929 4312 se
943 4246 1100 4330 flagrasse
1111 4246 1274 4331 professus
1284 4254 1439 4333 estpoeta

323 4353 377 4437 lV,
398 4359 446 4437 15,
460 4356 477 4417 3
496 4371 565 4436 sqq.
602 4352 667 4439 iam
684 4373 760 4418 vcro
777 4374 848 4419 cum
857 4354 1004 4440 Lycinna
1019 4354 1172 4420 imbuisse
1188 4359 1311 4419 tantum
1328 4374 1437 4420 amore
