3226 5162
706 475 746 537 67

242 667 268 718 g.
281 650 394 718 Ingerat
407 648 510 717 apriles
523 648 581 702 Iole
594 647 655 715 tibi,
668 647 770 701 tundat
782 645 901 716 Amycle

314 739 434 793 natalem
447 737 527 791 maiis
540 736 633 790 idibus
647 752 707 791 esse
721 741 807 790 tuum.

278 827 380 881 ianitor
399 827 436 880 ad
449 827 547 880 dautes
560 826 673 894 vigilet:
689 825 713 878 si
726 825 820 893 pulset
833 824 932 891 inanis,

314 915 415 969 surdus
429 916 457 968 in
472 916 620 970 obductam
635 916 854 982 somnietusque
868 929 965 966 seram.

233 1063 269 1112 at
283 1058 340 1113 Nee
353 1059 405 1112 tihi
418 1058 566 1127 displiceat
577 1057 656 1112 miles
669 1072 725 1110 non
738 1055 829 1110 factus
843 1056 938 1124 amori,

315 1153 401 1202 nauta
415 1163 466 1200 nec
479 1147 574 1201 attrita
588 1145 612 1200 si
624 1145 697 1199 ferat
708 1160 774 1198 aera
786 1161 877 1213 manu,

279 1241 328 1290 aaut
340 1253 457 1304 quorum
471 1235 569 1289 titulus
582 1249 632 1304 per
645 1234 763 1288 barbara
777 1233 848 1286 colla
861 1234 1003 1302 pependit,

315 1325 414 1378 caelati
427 1323 518 1378 medic
531 1341 593 1377 cunr
607 1324 713 1377 saluere
726 1321 797 1376 foro.

279 1429 376 1467 aurum
389 1418 524 1482 spectato,
538 1429 594 1466 non
608 1427 679 1481 quae
692 1427 790 1465 manus
804 1411 902 1465 afferat
915 1428 1019 1466 auriam.

315 1502 444 1557 versibus
458 1501 562 1556 auditis
576 1501 643 1570 quid
655 1501 711 1556 nisi
723 1501 810 1555 verba
821 1500 914 1554 feres?

281 1591 329 1659 qui
341 1605 453 1658 versus,¹
463 1591 536 1645 (icae
550 1590 659 1645 dederit
672 1607 722 1645 nee
735 1605 848 1645 munera
861 1590 956 1656 vestis,

315 1680 397 1734 istius
410 1679 462 1734 tibi
476 1679 513 1733 sit
526 1679 611 1733 surda
624 1678 760 1734 sincaere
773 1679 862 1748 lyra.“

185 1857 332 1916 lacunis
351 1857 471 1911 animum
491 1861 603 1910 nostrae
624 1856 688 1909 dum
707 1861 802 1911 versat
820 1855 958 1909 Acanthis
976 1857 1087 1924 amicae,

316 1946 424 2000 horruit
436 1946 542 2014 algenti
554 1945 671 2014 pergula
685 1950 764 1999 curta
776 1944 847 1999 foce.

283 2036 332 2089 sed
345 2051 413 2103 cape
427 2040 582 2103 torquatae‚
595 2034 693 2088 Venus
706 2051 723 2087 o
737 2035 841 2102 regina,
855 2035 998 2089 columbae

316 2124 352 2177 oh
366 2123 494 2178 meritum
507 2128 570 2177 ante
583 2128 649 2178 tuos
661 2127 776 2192 guttura
789 2129 865 2179 secta
877 2123 964 2178 focos.

245 2267 273 2320 h.
286 2265 354 2319 Vidi
366 2281 419 2333 ego
432 2281 536 2333 rugoso
549 2264 649 2319 tussim
662 2280 839 2320 concrescere
852 2265 934 2332 collo,

317 2359 455 2423 sputaque
468 2370 519 2423 per
532 2354 630 2408 dentes
642 2353 683 2408 ire
696 2358 811 2410 cruenta
824 2369 917 2422 cavos,

281 2449 365 2512 atque
384 2443 502 2496 animam
520 2443 549 2496 in
568 2447 676 2510 tegetes
694 2448 804 2513 putrem
823 2443 950 2512 expirare
970 2449 1116 2511 paternas3

319 2547 439 2601 ossaque
452 2548 503 2601 per
515 2537 614 2587 tenues
628 2536 693 2585 sunt
705 2536 849 2586 numerata
861 2537 947 2586 cutes.

248 2691 271 2728 e.
291 2674 433 2742 Exequiae
446 2674 558 2728 fueraut
569 2673 625 2728 rari
637 2673 742 2728 furtiva
755 2673 848 2741 capilli

319 2763 431 2817 vincula
443 2767 472 2816 et
484 2763 625 2817 immundo
638 2762 745 2832 pallida
758 2763 839 2818 mitra
852 2763 916 2830 situ,

284 2857 313 2906 et
325 2851 402 2905 canis
415 2851 443 2904 in
457 2855 569 2904 nostros
583 2851 665 2904 nimis
678 2859 842 2922 experrecta
856 2852 977 2920 dolores,

319 2957 380 2993 cunr
393 2939 514 2994 fallenda
527 2954 588 2993 meo
601 2939 704 3008 pollice
717 2940 803 2994 clatra
819 2939 919 2995 forent.

191 3117 239 3171 At
288 3116 331 3172 Sit
343 3117 465 3170 tumulus
479 3116 557 3170 lenae
570 3121 650 3171 curto
663 3121 745 3172 vetus
758 3117 891 3187 amphora
904 3120 993 3173 collo:

321 3210 420 3272 urgeat
431 3205 504 3259 hunc
517 3221 603 3274 supra
615 3206 667 3273 vis,
681 3201 818 3274 caprifice‚
832 3212 888 3261 tua.

285 3294 411 3364 quisquis
424 3309 509 3362 amas,
526 3294 632 3349 scabris
645 3295 699 3349 hoc
711 3297 824 3350 bustum
837 3295 944 3351 caedite
959 3296 1042 3363 saxis,

319 3383 459 3452 mixtaque
472 3398 533 3436 cunr
547 3384 622 3437 saxis
635 3383 729 3439 addite
743 3384 829 3438 verba
841 3384 920 3437 mala.

270 3951 375 4033 Atque
392 3958 426 4015 ut
444 3951 485 4014 ab
509 3951 556 4016 eis
573 3951 687 4033 elegiis
704 3949 910 4015 exordiamur
934 3972 1017 4034 quae
1042 3951 1084 4017 ad
1107 3954 1292 4038 periegesin

181 4058 270 4123 urhis
286 4058 408 4123 Romae
425 4062 578 4142 spectant,
602 4077 716 4121 earm.
733 4058 770 4140 V,
789 4064 836 4142 ia,
853 4058 938 4141 quod
955 4081 1004 4124 vv.
1018 4065 1030 4122 1
1045 4099 1084 4106 -
1097 4064 1137 4124 70
1155 4061 1292 4127 exclusis

181 4185 232 4228 vv.
249 4166 290 4227 33
301 4166 404 4245 -36;
434 4168 589 4245 39-543
617 4168 657 4228 65
675 4183 720 4244 sq.
737 4171 883 4230 constare
900 4164 1047 4250 vidimus,
1070 4189 1160 4232 secra
1176 4174 1294 4247 desque

181 4280 209 4334 ct
223 4275 397 4349 euphemiae
405 4276 510 4349 prisca
526 4278 654 4335 locorum
663 4275 704 4348 (v.
714 4274 768 4352 69)
778 4276 809 4335 et
824 4278 938 4336 meana
952 4278 993 4351 (v.
1004 4277 1057 4350 57)
1067 4273 1154 4337 urbis
1171 4273 1293 4337 Romae

182 4395 217 4440 se
234 4380 432 4441 cantaturum
449 4395 522 4441 esse
540 4375 655 4441 ceteris
672 4375 815 4443 eiusdem
832 4378 961 4462 generis
981 4377 1094 4460 elegiis
1107 4377 1293 4507 {repentine

1084 4472 1103 4530 5
