3258 5168
861 445 903 506 24

324 620 444 686 66111661
459 627 494 684 61
509 615 603 684 tidem
622 640 713 686 suam
725 619 836 703 firmet,
853 619 1049 686 Graecorum
1067 623 1125 687 snb
1136 624 1253 690 Troiae
1270 627 1435 698 moenibus

324 734 356 793 61
373 734 488 812 postea
504 727 537 791 in
552 726 634 790 mari
650 726 794 812 perioula
810 728 957 793 omnibus
972 734 1048 792 nota
1072 735 1103 793 61
1123 729 1294 794 decantata
1309 733 1435 818 praedi·

323 855 396 900 oere
412 855 447 901 se
463 854 558 918 posse
575 833 740 916 gloriatur.
786 833 844 900 sed
859 833 910 900 his
931 836 1076 900 omnibus
1098 827 1286 920 fragmentis
1304 839 1437 904 omissis

322 965 373 1007 66.
391 946 431 1007 89
448 962 517 1024 666.
534 940 653 1025 optime
675 945 869 1006 666661616.
887 945 942 1006 80:
971 962 1046 1005 nam
1063 943 1254 1027 promissam
1278 942 1373 1009 fidem
1390 945 1436 1010 616

323 1049 485 1134 excipiunt
500 1048 602 1132 ipsius
618 1048 665 1112 rei
681 1047 888 1139 testimonia.¹
910 1056 1068 1131 6166666.
1078 1052 1118 1114 89
1149 1088 1168 1092 --
1185 1051 1435 1117 10261611661166

323 1155 495 1223 6611661616
513 1174 582 1218 oum
599 1176 651 1218 66.
669 1159 708 1218 79
726 1175 772 1236 66.
790 1154 952 1220 66166116.
975 1161 1051 1221 loa:

570 1267 621 1323 illo
631 1265 724 1340 parit,
741 1265 822 1325 libris
838 1265 968 1328 est'doto
978 1270 1085 1344 pulmo
1100 1270 1179 1346 meis,

321 1372 526 1453 comparatus
544 1385 616 1430 oum
632 1387 661 1430 6.
680 1370 737 1432 801

586 1478 672 1552 taque
686 1479 756 1538 mets
772 1478 851 1537 ltbrts
866 1482 909 1538 611
915 1483 1004 1555 prius
1019 1497 1082 1541 asse
1093 1483 1166 1554 fide.

322 1581 400 1646 nihil
416 1589 525 1646 tamen
540 1579 701 1644 luoramur
716 1602 767 1645 66.
785 1583 824 1645 87
843 1602 889 1664 66.
905 1587 978 1666 post
994 1583 1031 1666 V,
1058 1589 1084 1666 1,
1103 1588 1142 1647 70
1159 1583 1212 1648 661
1229 1605 1279 1648 66.
1290 1588 1330 1649 83
1345 1623 1383 1630 —
1395 1589 1435 1650 86

323 1695 395 1774 post
425 1689 462 1772 V,
491 1693 515 1772 1,
547 1693 606 1752 108
632 1686 797 1770 Soaligero
822 1693 951 1754 auotore
983 1690 1192 1774 transpositis.
1239 1689 1296 1756 sed
1321 1712 1371 1756 66.
1396 1695 1432 1755 81

327 1834 368 1842 -
387 1799 437 1878 86,
452 1795 573 1879 quippe
591 1795 644 1876 qui
661 1793 701 1858 de
718 1794 893 1876 astrologia
909 1791 979 1878 6161,
995 1795 1028 1858 16
1048 1816 1085 1860 66
1103 1796 1187 1879 quod
1203 1818 1231 1861 v.
1251 1802 1284 1860 71
1307 1797 1437 1880 inoipiat

323 1901 463 1966 earmina
487 1901 589 1965 looum
612 1921 712 1982 sunm,
736 1899 794 1964 sed
815 1900 912 1964 alium
929 1907 1025 1983 atque
1041 1922 1124 1968 nuno
1140 1907 1268 1968 teneant
1283 1902 1436 1967 habuisse

323 2012 478 2092 apparet:
507 2005 679 2080 abhorrent
695 2013 803 2070 antem
820 2006 860 2070 ab
885 2005 1029 2071 eiusdem
1051 2014 1239 2090 argumento
1264 2030 1314 2073 66.
1333 2012 1372 2074 87
1391 2029 1436 2090 66.

323 2113 377 2196 661
394 2112 511 2178 Troiae
527 2113 712 2194 Romaeque
729 2119 760 2176 et
770 2111 966 2176 Graecorum
976 2113 1131 2178 viatorum
1141 2113 1326 2180 1616666616
1342 2134 1436 2198 quern

322 2225 521 2284 cantaturum
539 2239 610 2284 osse
625 2219 818 2302 promittunt.
836 2257 876 2265 -
894 2239 1005 2284 verum
1022 2220 1135 2285 similis
1151 2228 1266 2285 natura
1276 2227 1310 2283 ut
1318 2241 1437 2302 eorum⁷

322 2325 363 2391 de
380 2326 494 2409 quibus
510 2325 604 2392 modo
620 2326 717 2389 loonti
742 2345 859 2408 sumus,
884 2332 932 2390 est
949 2325 1046 2390 etiam
1070 2349 1120 2391 66.
1142 2331 1200 2390 103
1213 2365 1250 2372 -
1265 2332 1275 2390 1
1289 2330 1335 2391 18.
1373 2327 1436 2412 pri-

322 2455 409 2497 mum
425 2432 503 2515 quid
519 2431 649 2496 tandem
672 2433 713 2496 sit
736 2438 791 2495 boc
814 2453 842 2495 v.
864 2437 922 2496 103
949 2430 1034 2514 qnod
1058 2431 1149 2498 Jovis
1173 2433 1285 2517 Libyei
1311 2439 1436 2497 antrum

321 2561 384 2604 non
401 2539 541 2623 explieat
557 2558 574 2602 6
590 2537 738 2602 66161066
755 2537 1016 2604 antecedentibus
1041 2558 1135 2603 nemo
1158 2539 1279 2621 olioiot3
1309 2539 1365 2603 sed
1383 2559 1436 2602 ex-

323 2645 450 2731 pulsum
468 2664 539 2709 esse
556 2644 638 2707 116116
652 2643 756 2707 looum
774 2663 791 2706 e
808 2665 865 2707 suo
882 2644 1110 2709 sententiarum
1131 2665 1216 2710 nexu
1232 2644 1435 2710 manifestum

323 2758 380 2818 est.
427 2772 521 2837 porro
543 2751 708 2815 cuiusnam
730 2750 776 2814 rei
802 2751 984 2834 exemplum
1007 2749 1143 2816 Oalohas
1168 2751 1283 2816 dieitur
1300 2774 1328 2816 6.
1350 2750 1436 2816 1091

250 2898 255 2911 ·
323 2880 365 2922 an
388 2858 449 2922 hae
469 2858 593 2921 ratione
625 2857 728 2922 Horos
753 2856 1027 2923 demonstraturus
1060 2863 1109 2923 est
1132 2858 1191 2923 1166
1212 2857 1297 2940 quod
1319 2880 1348 2922 6.
1376 2861 1434 2922 103

323 2970 435 3048 tangat
450 2965 576 3029 usitatis
592 2963 846 3044 vulgaribusque
862 2963 999 3028 61666116
1022 2964 1223 3048 pronuntiari
1238 2985 1301 3030 666
1317 2963 1437 3048 posse?

324 3077 357 3135 at
372 3073 486 3136 mirum
503 3070 646 3156 profeoto
662 3069 721 3134 hoo
737 3069 798 3133 erit
813 3070 1029 3133 testimonium
1053 3090 1124 3135 are
1140 3093 1271 3156 prorsus
1287 3071 1436 3137 dissimili

324 3179 466 3264 petitum.
513 3197 616 3259 neque
637 3177 721 3241 enim
739 3175 916 3241 Oalohanta
936 3177 1132 3241 vatioinandi
1156 3179 1303 3260 ignarum
1329 3177 1437 3260 161666,
1518 3191 1528 3206 ·

323 3284 380 3350 sod
404 3284 540 3349 61666116
569 3283 635 3348 6616
660 3303 742 3366 6666
770 3283 887 3347 bouum
912 3289 1062 3349 eventum
1086 3305 1217 3368 sperare
1241 3285 1374 3350 lioerent
1404 3284 1437 3348 in

324 3391 455 3455 exitium
471 3391 601 3455 Danaos
611 3410 745 3455 6666666
761 3396 871 3454 666161·
887 3389 1057 3456 6166116616
1075 3391 1242 3474 signifieat.
1273 3392 1361 3475 atqui
1378 3391 1437 3455 hoo

323 3498 428 3582 ipsum
445 3497 529 3562 66116
546 3504 714 3581 peoeatum
731 3517 785 3560 661
801 3502 891 3560 66161
907 3497 1010 3562 Η6166
1033 3498 1086 3579 661
1104 3499 1169 3562 6616
1187 3499 1323 3564 61666116
1340 3497 1434 3562 fidem

324 3603 429 3668 faeere
446 3602 578 3669 studet?
625 3624 701 3685 ergo
724 3624 774 3668 vv.
795 3607 854 3667 109
873 3624 941 3687 666.
957 3603 1125 3688 horosoopi
1140 3603 1236 3668 fidem
1253 3610 1284 3669 et
1301 3604 1436 3668 auotori-

323 3717 422 3774 tatom
446 3730 509 3772 non
525 3709 619 3773 modo
643 3730 706 3773 non
727 3707 922 3794 6661166661,
946 3710 1004 3775 sed
1028 3712 1189 3774 invertunt
1213 3710 1319 3774 etiam.
1372 3711 1434 3774 iam

324 3836 400 3880 6616
418 3814 458 3880 (16
474 3837 524 3879 66.
546 3819 604 3879 113
623 3836 691 3897 666.
708 3815 838 3880 66661116
856 3814 933 3898 66111
956 3815 1196 3881 iudicabimus?
1242 3817 1436 3900 horoscopus

310 3920 491 3988 ι6666111161
509 3921 701 3986 documenta
711 3922 853 3986 editurus
867 3921 943 4004 quid
953 3923 1083 3987 Troiam
1101 3927 1229 4006 oaptam
1247 3923 1436 4005 oemulatur,

324 4028 401 4111 quid
417 4028 549 4092 Aiaoem
566 4028 699 4093 libidine
716 4049 774 4093 sua
790 4029 822 4091 in
839 4029 1014 4112 pernioiom
1038 4035 1182 4094 ruentem
1206 4027 1357 4093 deridet?
1403 4036 1436 4092 at

323 4134 598 4213 0111611661611.6.1
612 4140 661 4213 19)
672 4135 718 4200 616
727 4140 896 4199 narrantur
902 4134 1039 4217 ideoque
1056 4135 1125 4199 1666
1135 4135 1435 4216 morerinequeunt.

324 4261 435 4306 661661
453 4242 550 4306 etiam
567 4263 617 4306 66.
635 4245 675 4306 89
686 4279 728 4288 -
742 4243 801 4305 loa
818 4240 970 4306 historiae
987 4247 1189 4326 exponuntur
1205 4261 1336 4324 666666,
1357 4241 1436 4305 61661

324 4368 407 4430 6666
423 4369 474 4412 66.
495 4352 554 4412 119
572 4367 640 4430 666.
656 4347 867 4431 proferuntur,
885 4348 980 4411 etiam
998 4368 1038 4412 ex
1055 4347 1191 4414 61666116
1207 4347 1247 4411 ab
1261 4346 1436 4430 horosoopo
