3258 5168
879 493 921 556 34

339 673 488 750 possunt,
516 687 621 749 neque
638 667 722 732 enim
740 665 825 749 quod
849 673 883 730 ut
905 667 1070 734 iuventute
1094 667 1225 754 fruatur,
1249 673 1346 753 quam
1370 643 1456 754 quod

338 780 466 857 poetam
483 795 605 857 versus,
629 794 692 837 non
716 793 794 838 aera
810 773 966 839 ferentem
983 781 1017 839 ut
1033 783 1163 859 spernat
1179 783 1326 842 monetur
1341 778 1455 862 amica,

338 881 480 945 maxime
496 879 683 962 indignatur
699 879 885 964 Propertius
903 888 1007 962 poeta.
1054 901 1131 964 ergo
1154 883 1209 964 qui
1224 883 1453 965 gravissimum

337 987 418 1052 illud
442 987 607 1052 consilium
633 987 802 1071 continent,
826 993 999 1069 115511.
1023 988 1168 1053 ultimum
1192 989 1376 1054 necessario
1399 989 1453 1054 ob·

338 1093 483 1157 tinebunt
499 1094 612 1176 locum,
636 1100 670 1156 ut
694 1093 764 1176 ipso
791 1094 938 1158 acumine
955 1092 1107 1159 Acanthis
1124 1092 1252 1159 claudat
1267 1095 1453 1160 oraticnem.

338 1198 463 1264 accedit
479 1205 586 1264 autem
604 1199 708 1263 altera
731 1219 829 1264 causa
845 1219 899 1264 cur
920 1199 993 1264 hinc
1010 1201 1212 1284 expellantur
1234 1221 1285 1266 11.
1302 1205 1452 1266 57-60.

337 1325 442 1387 neque
466 1307 551 1370 enim
575 1310 648 1390 post
670 1311 716 1368 tot
739 1305 804 1369 alia
824 1312 1001 1389 praecepta
1016 1306 1131 1371 mulier
1146 1306 1288 1390 puellam
1304 1314 1379 1391 apte
1395 1306 1450 1372 ad-

336 1411 488 1496 hortatur,
504 1432 544 1476 111
561 1413 724 1477 iuventute
740 1432 804 1476 non
820 1432 879 1476 usa
888 1412 1040 1476 damnum
1049 1413 1198 1498 patiatur.
1230 1412 1452 1500 sedprimaria

336 1517 416 1584 haec
433 1525 502 1584 erat
517 1518 691 1582 admonitio
713 1538 776 1599 qua
796 1518 882 1582 illius
905 1519 1047 1582 animum
1064 1525 1281 1585 commoveret
1304 1539 1451 1602 quaeque

336 1625 432 1709 plane
457 1625 624 1691 coniuncta
654 1630 739 1689 esset
769 1645 840 1689 cum
864 1646 893 1690 v.
910 1628 967 1689 28:
997 1646 1059 1707 quo
1081 1625 1216 1691 candem
1238 1631 1272 1690 ut
1288 1625 1452 1708 frangeret
1486 1635 1489 1640 '

337 1731 512 1798 damnosae
543 1733 614 1796 iura
645 1730 819 1814 pudicitiae
847 1731 1010 1796 incitabat.
1062 1730 1201 1814 denique
1229 1753 1279 1799 vv.
1304 1737 1342 1798 31
1357 1735 1449 1808 ÷3o

335 1838 532 1923 praecipitur
549 1838 663 1920 quibus
680 1837 803 1902 artibus
819 1837 956 1922 pecunia
980 1838 1162 1920 extorqueri
1185 1839 1287 1924 possit
1300 1859 1341 1904 ex
1363 1859 1450 1902 ama·

335 1951 404 2009 tore
420 1945 486 2008 iam
504 1944 598 2012 certis
615 1944 750 2009 vinculis
768 1944 953 2027 constricto,
982 1944 1162 2027 iterumque
1185 1943 1237 2014 hic
1258 1943 1298 2010 de
1314 1944 1450 2029 pecunia

336 2050 521 2134 quaerenda
536 2052 624 2116 locus
641 2051 842 2115 continuatur
857 2071 908 2115 vv.
926 2056 966 2115 47
984 2070 1053 2133 sqq.
1100 2051 1198 2116 medii
1225 2058 1334 2116 autem
1350 2050 1448 2116 inter-

335 2159 430 2242 positi
440 2164 570 2224 11111111.
580 2161 620 2222 37
630 2195 670 2206 -
681 2161 736 2222 46:
750 2157 805 2240 qui
812 2163 929 2240 tamen,
939 2157 1088 2239 quoniam
1096 2157 1319 2241 praescribunt
1332 2156 1449 2240 quibus

334 2264 495 2330 illecebris
510 2262 629 2330 irretiri
647 2269 678 2328 et
693 2259 796 2329 t'eneri
812 2265 914 2348 possit
929 2263 1045 2329 dubius
1070 2264 1235 2328 etiamtum
1260 2271 1292 2328 et
1308 2264 1447 2328 incertus

335 2377 458 2438 amator
475 2371 541 2451 (cir.
558 2374 663 2454 v.38),
678 2371 792 2435 merito
810 2371 926 2436 ceteris
942 2369 1088 2434 omnibus
1105 2367 1352 2452 praecedebant.
1381 2368 1447 2434 iam

333 2499 410 2545 vero
435 2477 579 2543 eiusdem
603 2477 732 2559 generis
756 2480 1022 2542 1111137-46
1046 2475 1205 2541 sententia
1221 2475 1380 2558 profertur
1396 2496 1447 2541 vv.

334 2589 375 2650 29
394 2605 441 2667 sq.
475 2584 589 2667 quibus
605 2589 639 2646 ut
655 2604 754 2666 supra
770 2583 917 2666 vidimus,
933 2588 1105 2664 antequam
1116 2582 1253 2646 amatori
1265 2603 1330 2646 nox
1346 2580 1447 2665 detur,

334 2691 492 2757 simulatis
514 2690 612 2755 moris
636 2689 741 2772 magis
765 2690 862 2754 etiam
886 2688 941 2752 ille
958 2686 1213 2754 exstimulandus
1235 2708 1308 2754 1111
1324 2686 1448 2771 dicitur,

333 2804 368 2862 ut
384 2797 570 2863 certioribus
594 2795 729 2861 vinculis
747 2794 981 2876 constringatur
1003 2793 1116 2873 (1111.
1134 2797 1197 2875 311).
1244 2797 1447 2876 11111129

334 2926 379 2987 sq.
397 2925 417 2968 a
433 2926 484 2970 vv.
501 2907 542 2968 37
556 2941 595 2949 -
607 2907 648 2967 46
670 2902 787 2967 iniuste
804 2900 999 2966 divelluntur
1013 2919 1065 2966 11.
1082 2905 1120 2964 31
1134 2938 1174 2946 -
1185 2903 1226 2965 36
1242 2899 1448 2984 interpositis.

334 3031 416 3094 quae
434 3032 504 3076 cum
519 3010 566 3074 ita
582 3010 653 3092 sint,
669 3009 830 3072 turbatum
847 3027 919 3073 esse
935 3026 1085 3073 versuum
1102 3005 1247 3071 ordinem
1262 3006 1377 3088 negari
1393 3005 1447 3070 vix

333 3118 457 3203 poterit.
504 3115 561 3180 sed
586 3113 781 3180 emendandi
807 3113 948 3178 rationes
973 3133 1043 3178 oum
1068 3113 1246 3196 complures
1271 3110 1448 3194 excogitari

333 3223 464 3308 possint,
480 3228 589 3286 tamen
605 3221 753 3285 omnibus
763 3225 916 3303 quantum
934 3218 1022 3302 potui
1038 3218 1206 3303 perpensis
1222 3217 1301 3281 mihi
1318 3216 1447 3299 quidem

333 3330 426 3394 lenae
443 3329 544 3393 oratio
553 3327 700 3392 versibus
717 3326 763 3390 ita
780 3325 941 3390 collocatis
958 3324 1032 3388 olim
1044 3328 1168 3407 apoeta
1184 3324 1360 3409 composita
1377 3343 1448 3388 esse

333 3435 476 3500 videtur:
515 3437 671 3516 21—283
709 3436 868 3513 57-603
906 3435 1068 3512 37-463
1107 3433 1268 3510 29-363
1296 3434 1447 3493 47-56.

333 3541 392 3606 hoe
409 3541 493 3606 enim
517 3538 628 3604 ordine
648 3538 796 3604 restituto
817 3543 890 3622 post
912 3541 1087 3618 praecepta
1107 3535 1303 3601 universalia
1324 3535 1389 3621 (vv.
1406 3537 1444 3598 21

333 3652 437 3726 48)
454 3647 591 3730 primum
610 3645 724 3726 quibus
741 3641 883 3708 artificiis
898 3642 1138 3706 adulescentem
1152 3641 1286 3725 irretiat,
1302 3648 1369 3705 tum
1386 3661 1449 3722 quo

333 3759 425 3836 pacto
441 3753 563 3816 luorum
580 3771 620 3815 cx
638 3750 751 3815 eodem
768 3748 865 3813 iaciat
881 3749 990 3832 puella
1007 3747 1167 3813 edocetur.

421 3859 480 3923 His
497 3857 665 3941 explicatis
689 3876 771 3920 nunc
794 3853 1041 3940 progrediamur
1056 3853 1099 3918 ad
1120 3855 1158 3938 V,
1183 3857 1202 3918 2
1226 3875 1278 3918 11.
1295 3859 1332 3917 41
1347 3857 1447 3916 -46.

334 3989 412 4049 (quos
429 3967 493 4030 iam
510 3962 707 4030 Schraderus
723 3963 807 4028 iusto
824 3962 893 4026 loco
914 3961 980 4043 legi
996 3961 1138 4043 negavit.
1169 3979 1309 4042 namque
1325 3958 1377 4023 hic
1393 3978 1448 4023 cur

333 4073 494 4137 hortorum
512 4070 667 4135 cultorum
676 4069 851 4132 maximam
868 4067 928 4132 sibi
945 4066 1094 4130 famam
1110 4085 1182 4133 esse
1197 4066 1353 4148 gloriatur
1369 4065 1447 4129 Ver-

333 4177 486 4243 tumnus?
533 4197 574 4240 an
591 4181 625 4240 ut
641 4173 798 4258 sirpiculis
822 4172 927 4237 medio
944 4173 1077 4257 pulvere
1093 4193 1184 4238 rosas
1201 4179 1236 4238 se
1252 4171 1337 4237 11111
1351 4189 1447 4253 posse

333 4284 505 4352 ostendat?
552 4288 584 4347 at
601 4281 715 4346 ceteris
740 4279 833 4346 huius
850 4281 978 4362 generis
1003 4278 1147 4346 distichis
1170 4277 1361 4343 documenta
1384 4297 1446 4340 non

333 4391 475 4455 addidit:
505 4411 561 4454 cur
584 4388 657 4454 huic
673 4387 819 4452 adiunxit
834 4407 918 4468 quac
942 4406 983 4450 111
1008 4386 1215 4452 convenirent
1233 4383 1364 4467 quidem
1381 4403 1446 4446 om-
