3258 5168
759 495 797 559 15

224 670 413 756 simpliciter
428 667 537 736 dicere
552 666 654 735 noluit
669 667 806 735 auotor‘?
852 689 914 752 quo
930 668 1014 735 laeto
1031 670 1222 736 sententiam
1238 668 1335 735 totius

223 778 284 842 loei
301 783 387 843 stare
404 781 543 862 apparet
567 795 631 842 ev.
647 777 699 841 20.
744 776 773 841 is
797 782 905 841 autem
930 776 1000 860 ipse
1024 776 1167 859 requirit,
1190 782 1225 840 ut
1247 774 1335 840 adlo-

222 889 338 966 quatur
354 882 434 948 deus
450 881 639 966 auditorem,
655 886 787 967 propter
803 893 1025 967 tuprouomen.
1057 901 1158 964 quare
1173 881 1266 948 huius
1274 881 1336 946 loei

224 987 417 1055 sententiam
434 993 520 1054 uerte
540 987 717 1054 restituisse
740 986 888 1053 videmur
911 986 971 1054 heo
986 987 1073 1052 laeta
1090 987 1331 1053 emendatione:

358 1102 489 1160 mendax
499 1100 596 1173 foma,
611 1099 726 1174 hospes,
741 1101 818 1158 mole
827 1103 866 1170 stt
879 1101 948 1158 milti
961 1100 1084 1159 nominet
1097 1100 1196 1159 index.

223 1221 285 1282 qua
307 1200 492 1283 mutatione,
521 1219 593 1264 oum
617 1205 725 1264 uetera
755 1198 857 1265 verba
879 1199 1051 1264 incertiora
1075 1219 1149 1266 esse
1177 1197 1336 1282 confitear,

222 1313 330 1372 tamen
353 1303 488 1388 hospitis
511 1323 629 1370 nomen
659 1325 736 1371 vere
766 1305 931 1370 inventum
949 1323 1021 1370 esse
1053 1305 1244 1389 putaverim.
1260 1323 1336 1368 uam

222 1431 329 1476 eoram
346 1411 473 1495 hospite
489 1410 591 1475 verba
606 1409 713 1475 faeere
730 1410 939 1475 Vertumnum
957 1409 1042 1474 infra
1057 1408 1292 1476 demonstrabo.

309 1517 381 1600 Age
396 1517 462 1580 iam
475 1515 602 1581 litterae
610 1516 646 1579 L.
655 1516 746 1582 visae
755 1515 791 1579 R.
800 1516 950 1600 exempla
958 1515 1118 1599 quaedam
1128 1515 1331 1599 colligamus3

222 1623 275 1688 eir.
292 1621 461 1687 Ribbeokii
477 1621 569 1706 proll.
586 1621 683 1704 Verg.
699 1643 730 1706 p.
747 1625 820 1686 247.
852 1620 935 1686 hane
958 1623 1043 1686 euim
1060 1622 1337 1706 permutationem,

212 1721 295 1795 'oum
312 1749 371 1794 usu
387 1727 496 1794 veniat
513 1728 549 1810 V,
573 1731 602 1810 3,
619 1731 659 1792 34
676 1734 707 1791 ia
721 1734 839 1792 radios:
855 1727 894 1790 N.
903 1725 940 1790 G.
949 1731 981 1791 ta
995 1733 1121 1806 alodios,
1138 1727 1280 1810 itemque
1299 1726 1337 1811 V,

224 1839 255 1918 3,
272 1841 313 1898 55
333 1839 504 1898 Gloartdor:
526 1832 566 1896 N.
583 1830 620 1896 G.
639 1839 810 1909 Grouddor,
833 1831 970 1897 inveniri
986 1830 1064 1895 mihi
1080 1851 1271 1916 persuasum
1288 1837 1338 1898 est
1373 1827 1376 1833 ’

222 1941 318 2006 etiam
334 1940 372 2023 V,
397 1944 425 2024 7,
447 1942 498 2004 69.
544 1958 639 2021 quem
654 1958 782 2004 versum
798 1937 873 2003 libri
889 1937 957 2004 lere
974 1938 1020 2003 sie
1035 1937 1189 2022 produnt:

433 2051 477 2107 rio
491 2051 592 2110 mortis
607 2050 735 2110 lammis
750 2050 827 2108 vitoe
841 2065 982 2108 sanamur
998 2065 1120 2109 amora.

222 2170 260 2216 ao
275 2151 414 2236 primum
431 2150 559 2233 quidem
577 2156 718 2215 lammae
732 2157 832 2215 mortis
848 2169 931 2232 quae
947 2149 1011 2215 sint
1026 2170 1121 2215 nemo
1131 2149 1337 2232 excogitabit.

221 2275 296 2320 nam
320 2257 348 2322 si
371 2256 602 2340 Hertzbergius
628 2261 715 2320 reete
742 2255 893 2320 laerimas
918 2254 1005 2339 apud
1027 2254 1149 2320 interos
1179 2255 1268 2321 lusos
1291 2256 1336 2319 in-

222 2361 409 2446 tellexisset,
433 2361 543 2427 addito
566 2368 666 2428 mortis
692 2361 820 2426 nomine
844 2379 955 2426 carere
980 2380 1158 2445 possemus,
1187 2362 1338 2442 quoniam

221 2467 392 2551 Cynthiam
415 2488 486 2534 uum
515 2467 630 2533 ueteris
661 2465 850 2532 mulieribus
872 2466 937 2532 illis
962 2465 1048 2550 apud
1070 2465 1191 2532 inferos
1214 2467 1338 2532 versari

221 2573 347 2638 seimus.
393 2571 496 2655 quid?
542 2571 627 2656 quod
654 2591 713 2655 por
741 2572 898 2637 sermonis
922 2573 1013 2655 leges
1035 2591 1077 2638 ne
1101 2572 1176 2638 lieet
1199 2571 1339 2657 quidem,

221 2679 249 2745 si
266 2678 343 2761 quid
367 2677 472 2762 video,
495 2679 543 2742 ita
566 2678 729 2762 explicaro
752 2678 940 2760 genetivum
963 2684 1071 2742 mortis.
1116 2679 1206 2760 atqui
1229 2678 1270 2743 de
1292 2678 1337 2742 la-

221 2785 328 2851 orimis
351 2790 486 2870 propter
506 2788 641 2848 mortem
656 2782 826 2848 mulierum
843 2781 923 2848 fusis
947 2784 999 2848 vel
1017 2802 1057 2848 ea
1072 2782 1113 2849 de
1128 2803 1227 2850 eausa
1241 2803 1338 2848 nomo

223 2888 387 2974 cogitabit,
411 2888 497 2971 quod
514 2889 562 2955 eis
578 2907 706 2955 amores
722 2908 786 2952 uon
802 2894 964 2968 sanantur.
1011 2908 1089 2971 ergo
1110 2909 1223 2954 verum
1246 2910 1338 2956 voea-

221 2994 330 3060 bulum
361 3001 545 3081 corruptum
582 2999 632 3060 est
668 2994 816 3076 quaesita
850 2999 930 3059 vitoe
958 2994 1096 3060 nominis
1127 2995 1339 3079 oppositione.

221 3107 392 3186 praeterea
408 3107 516 3166 autem
533 3098 671 3167 sanandi
679 3099 813 3165 verbum
821 3099 899 3164 ferri
912 3099 1032 3182 nequit
1063 3120 1138 3165 narn
1148 3101 1336 3200 utomittam

221 3226 239 3272 e
266 3212 433 3290 poetarum
465 3206 681 3290 elegiaoorum
713 3205 863 3291 opinione
893 3225 934 3270 ne
963 3212 1075 3270 morte
1099 3206 1231 3289 quidem
1264 3207 1338 3293 ipsa

220 3331 347 3380 amores
368 3312 486 3395 sanari,
516 3333 580 3379 non
608 3318 735 3398 poterat
756 3311 836 3377 haee
860 3310 968 3377 dieere
997 3310 1137 3396 Cynthia
1161 3312 1339 3398 Propertio.

221 3416 298 3500 quid
314 3417 426 3484 enim?
457 3418 486 3483 si
501 3438 636 3484 sanasse
652 3439 688 3484 se
704 3437 831 3483 amores
854 3438 929 3483 suos
952 3418 1086 3502 nuntiat,
1109 3418 1252 3504 protento
1275 3419 1339 3504 ipsi

220 3524 366 3607 amatori,
383 3523 473 3589 euius
489 3523 659 3608 perfidiam
675 3524 822 3607 increpat
830 3545 881 3589 vv.
892 3527 930 3588 13
941 3545 1021 3606 sqq,
1042 3524 1200 3608 seipsam
1219 3524 1339 3590 veteris

221 3629 315 3694 amiei
332 3630 487 3694 memoria
502 3648 565 3694 uon
580 3630 645 3695 iam
661 3629 765 3694 teneri
781 3628 954 3713 profitetur.
1002 3629 1139 3696 eandem
1149 3636 1257 3695 autem
1271 3630 1340 3695 lere

222 3735 414 3801 sententiam
431 3755 502 3800 oum
518 3741 689 3820 prooreent
704 3754 788 3817 quae
805 3735 994 3820 propositae
1010 3741 1083 3800 sunt
1098 3735 1339 3802 emendationes

220 3849 350 3905 solamur
373 3848 406 3906 et
427 3848 577 3926 rotamur,
607 3861 648 3906 ne
673 3859 732 3907 eae
758 3840 887 3923 quidem
911 3840 1131 3907 admittendae
1153 3848 1234 3908 sunt
1281 3838 1339 3906 sed

222 3945 308 4029 quod
324 3946 536 4012 Marklandus
551 3947 674 4013 invenit
689 3953 766 4012 ottae
784 3969 924 4011 sonamus
940 3969 1048 4011 amoro
1071 3968 1133 4012 non
1156 3949 1252 4032 plane
1276 3946 1339 4013 dis-

222 4052 320 4137 plioet
343 4052 572 4136 Hertzbergi03
600 4071 705 4135 neque
729 4058 839 4118 tamen
862 4052 940 4116 mihi
968 4052 1097 4118 videtur
1120 4052 1198 4118 ferri
1221 4071 1334 4139 posse:

221 4159 309 4223 vitae
325 4177 437 4224 amara
452 4179 516 4224 non
531 4158 673 4224 lacrimis
690 4164 853 4241 sanantur,
869 4157 927 4224 sed
939 4159 1013 4244 ipsa
1021 4165 1124 4224 morte
1133 4179 1217 4241 quae
1233 4158 1340 4223 omnia

222 4261 306 4346 finit3
335 4263 460 4330 aooedit
490 4270 597 4330 autem
629 4262 716 4347 quod
739 4285 768 4329 v.
793 4269 843 4329 70.
867 4285 982 4329 amores
1011 4265 1201 4331 vocabulum
1224 4270 1340 4329 tuetur.

221 4370 373 4436 hoeenim
391 4370 529 4456 Cynthia
545 4391 616 4436 oum
633 4372 734 4435 multa
750 4390 785 4436 se
802 4368 925 4436 uolasse
942 4370 1028 4436 dieat
1036 4370 1170 4437 orimina
1183 4368 1338 4460 perfidiae
