3226 5162
839 371 881 434 56

394 545 569 613 Certiorem
593 551 700 611 autem
725 542 766 610 de
787 546 986 611 carminis
1010 545 1183 631 septimi
1200 545 1330 611 consilio
1347 565 1421 611 scn-

305 654 437 720 tentiam
448 652 531 719 ferre
540 672 718 736 possumus.
750 650 903 736 scriptum
921 652 1006 718 enim
1022 651 1082 718 hoo
1098 671 1169 718 esse
1177 645 1250 734 post
1259 649 1423 736 Cynthiae

305 766 439 825 mortem
455 766 555 845 patet.
602 757 690 841 atqui
706 778 776 822 cum
794 777 890 824 carm.
902 759 957 843 IV,
974 763 1014 824 25
1032 781 1052 824 a
1067 757 1234 844 Propertio
1250 758 1307 822 illa
1323 759 1423 842 plane

305 865 441 952 expulsa
457 866 497 931 sit
513 885 617 946 neque
634 885 776 930 amorem
786 871 898 947 postea
914 865 1133 930 continuatum
1142 884 1213 930 esse
1223 865 1296 930 ullis
1305 864 1423 948 elegiis

305 963 509 1056 significetur,
527 970 581 1053 qui
597 969 715 1036 lactum
732 976 789 1054 est,
812 977 846 1035 ut
862 976 970 1036 tamen
987 969 1146 1056 Cynthiae
1162 976 1307 1037 mortuae
1323 971 1422 1036 hono·
1468 1019 1472 1026 .

304 1076 425 1144 rificam
441 1077 523 1142 hano
540 1077 727 1142 memoriam
744 1076 919 1143 conderet?
951 1079 1042 1163 solet,
1057 1083 1092 1142 ut
1108 1079 1196 1142 aiunt
1206 1078 1310 1163 periti,
1327 1084 1423 1144 vetus

305 1205 396 1249 amor
410 1185 457 1248 ita
472 1183 641 1248 inhaerere
657 1183 848 1267 amantibus,
872 1190 907 1248 ut
926 1205 967 1250 ne
983 1184 1132 1250 maximis
1150 1183 1279 1266 quidem
1295 1184 1423 1249 amicae

304 1290 428 1356 iniuriis
452 1297 537 1356 totus
561 1289 722 1372 exstingui
745 1289 856 1375 possit.
910 1289 996 1372 quod
1028 1310 1098 1355 oum
1128 1291 1227 1355 etiam
1250 1289 1422 1374 Propertio

307 1395 476 1480 evenisset,
508 1395 625 1461 amoris
649 1396 804 1462 memoria
828 1397 934 1462 subita
958 1396 1115 1482 Cynthiae
1136 1416 1239 1482 nuper
1264 1415 1424 1462 excussae
1455 1481 1459 1489 Ι

306 1509 407 1568 morte
422 1503 468 1568 ita
483 1507 638 1568 renovata
647 1509 705 1585 est,
721 1510 755 1566 ut
772 1502 886 1568 somnii
900 1501 1036 1569 tortasse
1052 1501 1186 1568 nonficti
1203 1502 1423 1566 narrationem

305 1609 423 1676 ineius
440 1609 592 1675 honorem
609 1614 824 1692 componeret
873 1690 875 1694 .

394 1716 461 1780 Iam
483 1713 656 1780 tertium
685 1733 852 1780 carmen
875 1714 1073 1799 poeticarum
1095 1715 1315 1799 epistularum,
1339 1735 1423 1797 quas

306 1828 419 1910 postea
436 1820 571 1887 Ovidius
588 1819 628 1884 ab
645 1819 785 1886 heroinis
810 1820 946 1906 scriptas
963 1821 1135 1904 simulavit,
1160 1821 1298 1907 primum
1314 1841 1423 1886 exem-

306 1930 395 2015 plum
413 1927 485 1993 esse
501 1926 621 2009 volunt,
637 1926 769 2010 paulum
787 1931 897 1991 tamen
912 1932 946 1990 ut
962 1926 1040 2018 mihi
1056 1927 1183 1992 videtur
1199 1948 1219 1991 a
1235 1948 1311 1992 vero
1329 1927 1423 1992 aber-

306 2041 423 2100 rantes.
454 2051 593 2114 namque
611 2052 681 2096 eum
699 2032 857 2117 epistulae
873 2032 950 2097 illae
963 2032 1108 2098 etabulis
1125 2033 1265 2115 antiquis
1282 2034 1424 2098 maxime

307 2145 498 2223 argumenta
521 2159 580 2203 sua
600 2136 772 2222 hauserint,
802 2144 945 2204 nostrum
977 2159 1107 2205 carmen
1136 2146 1312 2204 memorato
1336 2139 1437 2208 bello,

306 2245 454 2311 Parthico
478 2243 621 2330 prolecto
646 2243 688 2308 ad
710 2244 817 2329 ipsum
840 2245 900 2309 hoc
923 2251 1048 2328 tempus
1081 2266 1143 2329 quo
1169 2247 1323 2330 scripturn
1348 2265 1422 2310 esse

309 2353 431 2419 teratur
454 2357 600 2436 spectare
621 2349 797 2433 putandum
814 2356 871 2416 est.
917 2358 1087 2435 praeterea
1107 2351 1288 2418 Arethusae
1313 2358 1345 2416 et
1360 2351 1427 2436 Ly-

307 2466 397 2525 cotae
420 2457 603 2539 coniugium
626 2456 723 2539 nulla,
751 2456 813 2521 nisi
841 2455 918 2539 quid
942 2477 993 2522 me
1021 2457 1112 2542 fugit,
1144 2457 1254 2522 fabula
1277 2457 1425 2523 traditur.

311 2567 420 2647 itaque
436 2563 485 2628 his
502 2562 649 2648 personis
659 2562 728 2627 veri
743 2562 889 2629 homines
905 2563 974 2629 sine
991 2564 1087 2630 dubio
1098 2565 1239 2630 subsunt.
1270 2572 1304 2629 at
1312 2564 1427 2630 Postu-

310 2693 397 2736 mum
422 2675 453 2734 et
477 2667 614 2752 Gallam,
639 2667 679 2733 de
696 2668 810 2751 quibus
835 2674 884 2734 est
907 2690 1003 2734 earm.
1026 2671 1081 2755 IV,
1108 2675 1156 2755 12,
1187 2670 1233 2736 sio
1255 2671 1368 2755 notari,
1392 2676 1428 2734 ut

309 2775 441 2860 quidam
458 2774 611 2859 suspicati
636 2781 717 2859 sunt,
741 2774 840 2842 firmis
857 2777 1054 2859 argumentis
1078 2797 1183 2860 neque
1200 2778 1304 2843 evinci
1319 2797 1427 2860 neque

252 2916 256 2923 ·
307 2881 438 2970 infringi
468 2887 583 2965 potest.
639 2901 715 2964 ergo
747 2881 941 2968 Propertius
965 2881 1182 2948 intercedente
1215 2904 1315 2948 uxore
1342 2883 1427 2948 hanc

308 2988 480 3073 epistulam
496 2987 623 3052 misisse
641 2987 818 3054 censendus
836 2995 884 3054 est
897 2987 1087 3054 adamicum
1097 2988 1257 3070 quendam
1268 2989 1426 3055 adversus

308 3093 444 3159 Parthos
469 3093 629 3177 stipendia
651 3101 838 3179 merentem,
869 3101 903 3158 ut
933 3094 980 3159 illi
1006 3101 1038 3160 et
1062 3095 1170 3161 uxoris
1195 3101 1227 3160 et
1250 3095 1425 3161 amicorum

307 3200 482 3266 memoriae
498 3198 723 3265 documentum
740 3207 833 3266 esset.
864 3208 961 3283 atque
969 3201 1029 3266 hoc
1043 3201 1078 3265 in
1087 3199 1190 3267 officio
1200 3199 1275 3266 ficta
1284 3202 1424 3284 nomina,

309 3327 392 3390 quae
408 3304 529 3369 dudum
545 3327 605 3371 usu
627 3305 711 3371 inter
735 3307 856 3372 amicos
880 3313 956 3372 nota
977 3306 1142 3392 recepisse
1167 3314 1223 3372 aut
1245 3328 1329 3372 nuno
1352 3308 1425 3392 ipse

309 3413 510 3497 excogitasse
527 3418 641 3496 potest,
657 3412 811 3478 adhibuit.
850 3434 911 3495 quo
932 3413 1090 3477 lenocinio
1108 3413 1160 3478 vel
1176 3413 1308 3480 artificio
1326 3415 1423 3479 etiam

309 3519 454 3604 proximo
472 3524 546 3583 ante
563 3538 621 3584 nos
641 3521 770 3584 saeculo
795 3525 940 3584 amantes
965 3525 997 3584 et
1019 3518 1114 3583 amici
1137 3519 1170 3582 in
1194 3519 1423 3603 epistolissuis

309 3625 359 3691 usi
375 3625 529 3690 dicuntur.

397 3730 545 3814 Denique
562 3731 602 3796 de
627 3751 742 3796 carm.
760 3732 797 3815 V,
822 3737 873 3816 tta,
895 3735 925 3815 8,
952 3737 987 3796 11
1016 3730 1199 3796 consilio
1216 3749 1275 3814 per
1291 3750 1326 3795 se
1343 3731 1422 3796 satis

307 3837 476 3922 perspicuo
493 3858 548 3902 cur
566 3837 705 3922 amplius
723 3837 922 3922 disputemus
938 3837 1055 3903 idonea
1071 3856 1168 3902 causa
1183 3857 1246 3901 non
1263 3834 1363 3901 adest.
