3258 5168
742 396 867 493 're

291 605 504 691 aPropertio
536 604 715 690 commissa,
746 603 906 687 significat
936 605 1080 690 profecto
1112 627 1147 673 se
1177 602 1404 674 Andromedae

290 712 610 797 Hypermestraeque
627 709 667 775 de
683 729 793 776 amore
809 729 867 776 suo
883 711 1021 776 locutam
1039 731 1121 777 esse.
1167 719 1263 795 atque
1286 712 1404 778 similia

291 818 387 885 etiam
412 819 453 883 ab
477 817 541 882 illis
564 821 696 881 narrata
719 835 789 881 esse
813 814 929 881 docent
953 838 1004 882 vv.
1021 820 1062 883 63
1079 838 1147 900 sqq.
1192 816 1275 883 hanc
1297 826 1404 884 autem
1465 835 1469 843 ·

292 923 524 1008 expositionem
541 921 699 988 sententia
714 922 859 1004 generali
876 921 997 987 claudit
1019 944 1048 988 v.
1073 927 1132 989 69:
1160 943 1236 987 nam
1260 922 1333 989 huic
1357 925 1404 990 rei

290 1028 425 1095 inservit
454 1035 497 1094 sic
535 1028 704 1114 particula.
761 1046 846 1109 quoe
883 1028 912 1093 si
949 1047 1026 1094 vere
1062 1034 1252 1114 statuuntur,
1290 1051 1405 1096 umores

291 1154 407 1200 nomen
437 1153 561 1218 sanum,
592 1131 651 1198 sed
681 1131 884 1198 scribendum
917 1139 966 1198 est
992 1140 1070 1199 siloe
1091 1155 1250 1200 eunomus
1280 1158 1404 1202 umores.

292 1239 431 1306 similem
447 1239 579 1325 protulit
594 1238 787 1304 sententiam
804 1236 846 1303 de
866 1239 1053 1305 mulieribus
1077 1240 1165 1326 apud
1188 1240 1307 1307 inferos
1332 1263 1404 1308 oon-

290 1346 435 1430 gregatis
455 1344 643 1430 Propertius
658 1345 715 1427 III,
739 1346 792 1428 28,
817 1349 868 1408 27.
914 1350 1056 1410 ceterum
1072 1345 1113 1411 de
1128 1346 1167 1411 N.
1184 1347 1256 1413 visa
1276 1347 1307 1412 S.
1323 1348 1405 1414 etde

291 1451 327 1514 R.
344 1451 415 1517 visa
430 1450 470 1516 N.
479 1449 534 1515 cir.
548 1449 718 1514 Ribbeokii
733 1450 826 1534 proll.
842 1448 940 1532 Verg.
963 1471 994 1534 p.
1019 1455 1091 1516 250.
1136 1451 1209 1517 hinc
1232 1461 1340 1518 autem
1364 1452 1404 1519 de

214 1567 217 1579 '
289 1563 389 1622 mortis
420 1563 548 1620 lacrimis
578 1554 654 1638 quid
685 1553 892 1620 iudicandum
917 1555 967 1640 sit,
1005 1554 1130 1621 facilius
1162 1559 1404 1644 perspiciemus.

291 1661 466 1748 probabilis
483 1662 569 1727 enim
585 1666 617 1726 et
632 1659 713 1726 adeo
730 1680 886 1746 expressa
902 1680 920 1726 e
933 1661 1101 1728 mulierum
1115 1667 1231 1728 natura
1246 1664 1404 1730 sententia

291 1768 409 1853 evadit,
433 1769 462 1835 si
485 1768 603 1832 misere
627 1767 833 1832 lacrimantes
849 1787 924 1833 suos
947 1767 1030 1832 inter
1046 1787 1080 1834 se
1104 1788 1231 1835 umores
1254 1790 1404 1837 narrasse

290 1875 437 1941 dicuutur
445 1875 566 1959 probae
575 1892 700 1938 uxores.
724 1880 861 1958 apparet
869 1873 1008 1956 igiturin
1015 1875 1166 1956 genetivo
1174 1875 1230 1940 illo
1239 1875 1340 1942 latere
1348 1875 1403 1940 ad·

289 1982 442 2047 ieotivum
452 1978 586 2062 quodde
599 1979 738 2044 lacrimis
748 1977 811 2043 dici
824 1979 934 2064 possit.
966 1979 1050 2062 quod
1066 1986 1175 2046 tamen
1184 2002 1249 2046 non
1261 1981 1406 2068 repperit

189 2131 191 2135 ψ
290 2087 441 2153 Heinsius
457 2084 626 2152 scribendo
643 2091 714 2150 ortis
720 2108 732 2161 ;
751 2105 827 2149 nam
851 2084 910 2150 hoo
926 2091 1011 2178 recte
1029 2084 1144 2151 dicitur
1160 2086 1201 2152 de
1218 2088 1265 2154 eis
1282 2089 1336 2171 qui
1353 2109 1403 2154 su·

290 2193 356 2258 bito
372 2192 492 2258 obortis
512 2190 653 2257 lacrimis
668 2191 824 2276 locuntur,
846 2211 950 2274 neque
966 2213 1043 2258 vero
1061 2191 1102 2258 de
1117 2194 1304 2259 mulieribus
1320 2213 1405 2276 quae

291 2300 406 2382 longas
436 2296 682 2364 lamentationes
721 2295 886 2362 effundere
921 2297 1033 2363 solent.
1085 2298 1226 2382 itemque
1256 2299 1405 2384 displicet

289 2411 407 2469 moestis
422 2402 508 2487 quod
520 2403 722 2468 Burmannus
738 2403 835 2468 scribi
849 2403 951 2488 iussit
967 2404 1043 2486 quia
1052 2406 1312 2472 sententioenovi
1325 2405 1404 2471 nihil

291 2509 390 2575 addit.
436 2530 497 2592 ego
513 2515 613 2574 toturn
630 2529 759 2575 versum
776 2509 823 2575 sic
838 2509 1097 2576 reformaverim:

469 2621 512 2680 stc
526 2622 621 2678 mulu's
636 2621 765 2680 lacrimis
778 2621 855 2681 uitae
869 2637 1028 2681 conamus
1042 2638 1166 2681 umores.
1183 2655 1224 2664 —

290 2721 435 2787 eiusdem
460 2721 590 2804 generis
620 2718 738 2784 addam
769 2720 867 2785 alium
895 2722 1000 2786 locum
1023 2721 1061 2806 V,
1088 2726 1118 2805 2,
1142 2727 1193 2786 42.
1239 2723 1294 2788 ubi
1318 2720 1405 2805 quod

290 2826 416 2894 codices
433 2826 597 2892 exhibent:

512 2929 663 2998 hortorum
678 2937 709 2998 iu
723 2937 857 2998 manibus
873 2940 952 2998 douo
962 2938 1093 3013 probato
1108 2941 1180 2999 meis

291 3038 333 3103 ad
348 3036 456 3104 hortos
464 3038 633 3103 Vertumni
641 3058 738 3103 manu
746 3038 816 3104 sive
830 3037 964 3104 artificio
981 3045 1012 3104 et
1029 3039 1115 3104 cultu
1132 3040 1214 3106 bene
1231 3047 1356 3106 curatos
1373 3045 1405 3122 et

290 3123 394 3210 laetos
404 3144 525 3210 fructus
533 3142 673 3210 ferentes
682 3164 753 3210 cum
762 3143 885 3210 Jacobo
894 3143 1016 3210 referre
1024 3165 1087 3210 non
1095 3146 1178 3212 licet
1206 3146 1405 3228 nequeenim

291 3257 347 3316 aut
359 3251 516 3335 probandi
526 3251 625 3316 verbo
633 3248 714 3315 haee
722 3250 809 3316 notio
819 3256 867 3316 est
875 3256 969 3314 autin
977 3252 1175 3336 praepositio
1185 3250 1261 3316 addi
1270 3257 1405 3336 poterat.

291 3355 416 3422 accedit
433 3356 517 3439 quod
533 3375 646 3422 versus
663 3362 835 3438 sequentes
849 3354 1059 3422 Vertumnum
1075 3357 1182 3441 potius
1197 3357 1285 3440 loqui
1301 3364 1405 3424 oslen-

291 3463 369 3528 dunt
379 3461 419 3527 de
427 3461 581 3528 fructibus
590 3461 644 3544 qui
653 3461 717 3547 ipsi
726 3461 808 3526 dono
817 3461 945 3544 dentur3
960 3461 1100 3547 cir.prae
1109 3464 1281 3531 celerisvv.
1290 3470 1400 3546 45sq.:

493 3589 548 3633 neo
560 3577 619 3649 flos
633 3576 710 3632 ullus
725 3575 905 3649 littoralis,
921 3575 991 3648 quin
1005 3575 1053 3632 ille
1068 3575 1204 3634 decenter

545 3680 688 3754 inpositus
699 3681 795 3752 fronti
810 3682 951 3754 lonqueot
967 3685 1035 3738 oute
1056 3696 1148 3740 meae.

292 3800 356 3863 qua
379 3778 420 3845 de
443 3799 540 3846 causa
563 3800 634 3845 cum
651 3779 810 3864 probandi
827 3773 961 3846 verbum
985 3800 1082 3846 sensu
1106 3788 1223 3864 eareat,
1252 3780 1405 3867 scriptum

292 3887 367 3951 olim
384 3886 483 3952 fuisse
500 3886 645 3970 suspicor
662 3894 767 3951 locuto.
814 3906 876 3968 quo
899 3887 998 3952 verbo
1021 3888 1054 3950 in
1078 3886 1175 3952 simili
1198 3905 1234 3950 re
1257 3906 1334 3951 urus
1357 3893 1407 3950 est

293 3991 436 4057 Catullus
453 3996 504 4075 65,
520 3996 560 4057 21
579 4012 643 4075 sq.:

923 4117 928 4124 ·
979 4107 1095 4174 mamm,

480 4208 560 4280 qood
573 4208 699 4266 urucae
713 4208 821 4268 oblitae
834 4211 912 4270 molli
926 4209 979 4269 sub
994 4216 1072 4269 ueste
1087 4214 1221 4280 locutum,

532 4313 600 4374 dum
616 4315 744 4373 aduorso
759 4318 860 4374 matris
869 4317 996 4392 prosilit,
1013 4317 1163 4375 emollitur.
