3258 5168
860 483 899 554 ts

265 721 268 728 .
324 667 465 730 conatur.
512 658 621 746 quidni
639 661 723 729 enim
741 664 782 729 ab
799 661 915 729 Ouidio
931 662 1004 728 last.
1021 663 1074 746 Vl,
1090 668 1127 728 91
1149 683 1211 744 sq.:

532 776 607 834 croit
621 776 775 849 Apollinco
792 777 896 849 londos
914 775 1078 834 Concordia
1094 777 1179 833 locro

531 896 612 940 occo
626 897 732 958 comos,
748 882 864 955 placidi
878 897 984 939 namon
999 896 1129 956 opusque
1143 882 1225 939 dacis

320 981 415 1047 deam
426 982 541 1067 ipsam,
557 982 646 1047 cuius
654 981 773 1046 cultum
781 981 957 1046 restituerit
966 981 1125 1064 Tiberius,
1141 981 1209 1047 eius
1219 1001 1299 1066 opus
1308 981 1435 1066 poetica

323 1087 474 1153 libertate
497 1088 606 1154 vocari
630 1085 842 1153 censeamus?
887 1105 1025 1169 namque
1050 1085 1132 1151 deae
1155 1086 1310 1170 templum
1335 1084 1435 1152 adse

320 1194 448 1259 venisse
465 1192 616 1275 loquendi
633 1212 731 1258 causa
747 1192 815 1271 (cir.
829 1215 880 1259 vv.
893 1198 930 1259 13
950 1212 1036 1275 sqq.;
1058 1197 1099 1258 93
1115 1197 1173 1274 sq.)
1189 1193 1298 1276 inepte
1314 1191 1436 1257 diceret

320 1304 430 1383 poeta;
460 1297 550 1380 atqui
565 1298 598 1362 in
613 1297 673 1363 hoc
689 1299 867 1383 periculum
887 1303 1020 1364 vocatur
1041 1297 1097 1362 ille
1113 1297 1317 1381 Hertzbergii
1339 1299 1434 1363 inter-

320 1404 511 1488 pretatione.
557 1405 658 1469 altero
675 1411 782 1470 autem
797 1404 867 1469 loeo
884 1402 954 1469 last
971 1405 995 1488 I,
1012 1407 1075 1469 639
1092 1423 1139 1486 sq.

465 1529 542 1573 acac
558 1514 630 1574 deoc
638 1517 803 1591 prospicies
819 1515 943 1592 Ledam,
969 1515 1141 1585 Concordia,
1157 1513 1290 1574 modom:

588 1637 665 1680 onoc
680 1626 708 1680 tc
722 1627 864 1681 comatae
877 1622 1029 1681 rectitacrc
1043 1637 1148 1680 monus

318 1721 508 1804 intellegere
524 1720 652 1786 videtur
668 1720 802 1787 Ovidius
818 1727 954 1803 utroque
970 1741 1066 1787 versu
1089 1721 1171 1786 deae
1193 1727 1331 1788 statuam
1349 1721 1434 1788 edito

319 1829 398 1910 loco,
414 1825 499 1892 unde
515 1826 678 1891 hominum
694 1828 822 1892 turbam
838 1826 1022 1911 prospicere
1038 1832 1173 1911 poterat,
1198 1826 1334 1894 fortasse
1359 1835 1433 1894 ante

318 1933 475 2017 templum
492 1933 597 2017 ipsum
613 1933 808 1998 collocatam.
840 1932 943 2016 quid?
974 1932 1059 2014 quod
1076 1933 1201 1998 etiamsi
1216 1933 1321 2018 ipsam
1338 1933 1433 1999 deam

319 2037 542 2122 significasset,
570 2044 678 2104 tamen
700 2038 782 2104 haee
805 2058 930 2120 quoque
953 2039 987 2102 in
1006 2038 1166 2120 integrum
1186 2039 1334 2106 restituta
1348 2046 1434 2106 recte

319 2144 488 2227 diceretur,
513 2144 588 2226 quia
605 2145 673 2211 eius
690 2143 788 2210 aedes
804 2151 979 2210 renovatae
996 2149 1095 2208 eraut.
1125 2163 1230 2227 neque
1255 2165 1332 2210 vero
1349 2165 1432 2210 eom-

318 2249 459 2335 ponendi
475 2250 608 2315 verbum
625 2249 805 2335 simplicem
823 2247 1013 2315 aedificandi
1036 2249 1197 2315 notionem
1218 2249 1339 2315 habere
1361 2268 1431 2334 pro-

319 2357 409 2422 bavit
424 2355 510 2421 idem
527 2356 695 2440 interpres.
740 2374 815 2418 nam
833 2353 967 2419 Ovidius
983 2353 1055 2419 fast.
1072 2355 1096 2438 l,
1113 2357 1190 2420 708:
1311 2395 1313 2400 -

517 2465 668 2539 fratribus
683 2467 736 2524 illo
752 2467 814 2525 dcis
825 2467 942 2538 fratres
958 2466 996 2525 dc
1010 2471 1095 2540 ponte
1111 2466 1230 2526 deorum

605 2572 686 2629 circo
702 2571 847 2631 Iaiaraoc
861 2587 1051 2646 composuere
1065 2573 1148 2630 locros

321 2670 361 2736 de
385 2671 514 2755 templis
546 2672 686 2753 loquitur
717 2691 800 2753 quae
823 2671 961 2737 Ledaeis
993 2669 1062 2737 deis
1093 2692 1172 2737 una
1201 2671 1309 2746 dicata
1339 2679 1427 2754 sunt,

319 2777 530 2859 similiterque
553 2797 629 2842 usus
651 2784 700 2842 est
721 2775 782 2842 hoc
804 2778 904 2843 verbo
929 2776 1114 2860 Propertius
1130 2779 1170 2861 ll,
1192 2781 1220 2861 6,
1247 2785 1275 2842 5.
1321 2799 1433 2844 verum

319 2884 411 2947 atali
435 2883 650 2969 explicatione
674 2884 802 2976 qualem
826 2883 881 2948 ille
905 2883 1036 2967 protulit
1059 2881 1209 2949 abhorret
1227 2883 1325 2949 etiam
1341 2884 1433 2950 huius

318 2989 379 3054 loci
406 2989 575 3073 sententia,
607 2989 727 3074 quippe
751 2979 835 3070 quae
859 2989 892 3053 id
915 2995 1038 3054 tantum
1063 2995 1176 3074 aperte
1200 2987 1372 3073 desideret,
1399 2995 1433 3053 ut

321 3095 474 3160 Hercules
490 3101 623 3180 propter
638 3094 749 3159 orbem
765 3101 938 3180 purgatum
955 3094 1074 3178 Sancti,
1090 3093 1143 3159 dei
1153 3094 1271 3184 Sabini
1287 3115 1383 3176 quem
1401 3101 1432 3159 et

318 3202 424 3287 ipsum
437 3199 515 3266 'inde
531 3201 727 3296 nominatum
736 3199 851 3283 dicunt,
868 3199 953 3282 quod
969 3201 1101 3283 sanciat,
1117 3219 1232 3265 nomen
1246 3200 1298 3267 vel
1315 3201 1432 3265 cultum

318 3307 486 3391 accepisse
516 3306 649 3371 dicatur.
700 3305 836 3372 Sanetus
867 3313 976 3371 autem
1001 3307 1071 3371 sive
1095 3305 1233 3371 Sancum
1264 3307 1432 3390 appellare

318 3412 421 3495 malis,
443 3412 541 3477 etiam
557 3412 638 3477 Dius
654 3410 774 3496 Fidius,
797 3431 893 3494 quem
910 3412 964 3476 alii
981 3411 1150 3477 Herculem
1173 3412 1339 3495 vocabant,
1362 3430 1433 3476 esse

319 3518 507 3603 putabatur3
536 3516 591 3582 eir.
607 3516 783 3582 Merkelius
807 3517 849 3582 ad
872 3515 964 3583 Ovid.
982 3517 1052 3582 last.
1073 3539 1103 3602 p.
1127 3516 1237 3581 CCIX.
1252 3537 1299 3598 sq.
1344 3517 1433 3598 atqui

318 3623 414 3688 simili
431 3622 526 3688 modo
551 3643 621 3688 cum
642 3622 780 3688 Hercule
803 3622 955 3688 Sanctum
978 3643 1000 3686 a
1023 3621 1150 3688 Sabinis
1176 3623 1377 3686 coniunctum
1401 3628 1433 3687 et

318 3728 483 3794 confusum
509 3747 579 3794 esse
610 3728 782 3794 manifesto
813 3728 933 3794 iudicat
955 3728 1150 3812 Propertius.
1196 3728 1251 3792 cir.
1273 3729 1388 3794 Festus
1403 3749 1432 3811 p.

319 3839 383 3900 229
394 3835 448 3898 ll:
465 3846 591 3914 propter
605 3842 681 3899 aiom
694 3843 732 3911 fil
745 3841 931 3911 sordicium,
948 3841 1028 3914 qaod
1044 3846 1086 3898 est
1097 3841 1307 3914 proficiscendi
1321 3840 1432 3913 prodo,

318 3947 438 4005 Herculi
454 3951 506 4005 ont
522 3947 619 4005 Sanco
635 3947 685 4020 qni
699 3948 808 4005 scilicet
821 3947 897 4004 idom
913 3947 959 4004 ert
971 3947 1050 4005 daos.
1082 3960 1159 4023 ergo
1175 3959 1238 4022 age
1254 3940 1432 4005 scribamus

317 4045 461 4110 nostium
477 4045 635 4110 distichon
651 4065 715 4110 una
730 4046 871 4111 litterula
885 4053 1009 4111 mutata
1025 4047 1087 4111 sic:

479 4158 555 4234 haic,
579 4159 715 4230 qnoniam
730 4157 863 4247 munima
872 4163 1035 4231 perpetum
1050 4163 1195 4216 sumeret
1209 4157 1317 4229 orbem,

560 4262 602 4319 sic
618 4264 756 4321 Sanctam
772 4264 876 4322 Tatiae
891 4277 1078 4337 composuere
1095 4264 1193 4321 clocca

318 4383 380 4446 quo
405 4362 488 4426 iacto
515 4361 651 4428 Sanctus
674 4364 803 4429 Herculi
826 4371 1031 4447 comparatus
1055 4383 1126 4430 esse
1150 4364 1250 4429 fertur
1273 4383 1313 4427 ex
1337 4363 1431 4427 usita-
