3258 5168
758 367 800 430 39

226 559 328 622 neque
344 540 452 624 inopte
469 563 549 607 uxor
566 542 656 606 ouius
672 539 836 606 desiderio
853 538 988 605 maritus
1004 545 1129 605 tenetur
1146 542 1257 618 (vuli
1275 544 1334 621 sq.)

227 652 321 730 optat,
346 654 379 712 ut
399 647 486 713 illius
511 647 647 714 milltiae
670 647 735 712 fida
761 647 889 712 saroina
911 644 982 711 fieri
1006 646 1108 729 possit
1124 653 1185 724 (vv.
1203 650 1242 709 45
1268 650 1336 728 sq).

226 752 340 836 quibus
363 753 404 819 de
421 755 527 820 oausis
550 775 600 819 vv.
624 759 763 820 43-50
786 759 859 836 post
882 775 911 817 v.
933 757 973 818 28
998 750 1161 820 inserendi
1181 755 1262 834 sunt,
1278 748 1337 816 sed

225 860 339 924 lacuna
361 860 443 926 inter
464 883 491 925 v.
509 866 549 926 50
575 866 607 926 et
628 865 668 927 29
693 860 880 943 significata.
928 866 1025 942 atque
1048 859 1114 924 illis
1137 857 1270 923 remotis
1286 877 1336 921 vv.

227 971 264 1030 51
284 987 329 1048 sq.
346 967 510 1050 excipiunt
533 989 562 1031 v.
578 971 630 1051 42,
655 966 712 1032 sed
735 966 787 1032 hio
804 985 930 1049 quoque
947 965 1197 1048 interutrosque
1214 963 1337 1046 aliquot

225 1092 336 1137 versus
354 1071 548 1138 exciderunt

314 1179 383 1242 Iam
398 1186 600 1244 transeamus
616 1178 659 1242 ad
676 1179 713 1262 V,
730 1184 749 1243 4
766 1200 816 1244 vv.
834 1182 869 1242 71
892 1199 955 1260 sq:

417 1293 467 1350 illo
482 1293 547 1367 rm't,
564 1293 659 1365 qualis
673 1293 796 1350 celerem
805 1307 905 1366 propr
921 1291 1137 1350 Thermodonta

435 1399 595 1473 Strymonis
611 1397 770 1458 abscissum
782 1400 882 1471 fertur
898 1403 1005 1473 operta
1019 1398 1119 1455 naam.

225 1499 278 1581 qui
300 1517 413 1563 versus
434 1518 504 1562 oum
530 1498 797 1583 praecedentibus
820 1519 884 1563 non
906 1499 989 1564 bene
1014 1502 1135 1562 ooeunt.
1181 1517 1336 1578 namquo

223 1603 353 1670 tandem
368 1605 438 1670 iure
455 1605 638 1688 Tarpeiam,
655 1626 752 1688 quam
773 1605 866 1672 modo
884 1610 925 1684 (v.
942 1610 1007 1685 67.)
1031 1624 1141 1670 somno
1168 1624 1203 1669 se
1219 1603 1336 1686 permi-

224 1711 306 1776 sisse
317 1710 408 1795 dixit,
424 1711 618 1777 Maenadum
634 1733 722 1778 more
738 1711 845 1778 furere
861 1717 957 1796 poeta
973 1709 1107 1776 narrat?
1139 1708 1216 1792 quid
1232 1708 1336 1775 vero?

224 1817 412 1903 Strymonis,
430 1825 463 1882 ut
476 1838 572 1902 supra
582 1818 730 1909 vidimus,
745 1840 785 1885 ne
795 1817 1007 1884 Maenadibus
1016 1816 1157 1901 quidem,
1172 1815 1231 1882 sed
1241 1816 1336 1881 Ama-

224 1923 608 1989 zonibus'adnumeranda
625 1932 680 1991 est.
713 1947 777 2008 qua
789 1946 824 1991 re
833 1926 970 2010 probata
984 1930 1073 2010 patet
1080 1923 1194 1990 ruendi
1203 1924 1336 1989 verbum

223 2050 285 2096 non
301 2030 366 2094 iam
383 2049 478 2114 posse
495 2029 620 2096 furendi
637 2031 850 2114 significatum
865 2029 994 2115 babere,
1011 2029 1069 2097 sed
1085 2029 1250 2112 currendi,
1273 2050 1336 2111 qua

224 2156 293 2200 oum
308 2137 572 2222 interpretatione
586 2137 734 2203 convenit
738 2145 838 2216 sertor
845 2137 924 2202 illud
935 2159 962 2203 v.
973 2142 1022 2202 72.
1053 2123 1128 2201 nam
1138 2137 1337 2202 Amazonum

223 2263 284 2309 non
300 2241 396 2325 furor,
412 2241 470 2308 sed
486 2244 632 2308 eeleritas
649 2243 806 2328 laudatur,
822 2244 910 2308 velut
927 2263 947 2306 a
965 2242 1044 2308 Silio
1054 2244 1094 2326 II,
1112 2249 1153 2307 74
1163 2249 1195 2307 et
1205 2242 1335 2312 Valerio

223 2349 338 2413 Flaooo
359 2349 413 2433 IV,
437 2354 509 2415 607.
555 2350 643 2431 atqui
667 2349 719 2414 hio
743 2371 797 2415 eur
821 2351 997 2416 ouourrisse
1022 2349 1164 2434 Tarpeia
1187 2354 1336 2413 narretur

223 2474 293 2520 oum
309 2455 497 2521 nullomodo
512 2456 689 2538 euoogitari
699 2456 809 2541 possit,
825 2456 1011 2521 abhoolooo
1027 2454 1185 2520 distiohon
1193 2460 1336 2520 nostrum

222 2562 380 2627 abhorret.
426 2581 488 2645 quo
505 2568 611 2628 autem
628 2562 901 2647 transponendum
918 2563 969 2646 sit,
985 2582 1169 2646 quanquam
1185 2567 1249 2626 toto
1267 2582 1335 2626 oar-

222 2669 306 2733 mine
330 2668 523 2752 perlustrato
554 2690 618 2735 non
646 2670 773 2736 eluoere
797 2668 933 2753 videtur,
963 2669 1163 2734 inveniemus
1187 2675 1336 2732 aeonrate

221 2773 424 2860 interpretati
441 2797 491 2841 vv.
509 2778 550 2838 27
567 2796 630 2859 sq:

425 2889 551 2962 dumque
564 2887 639 2947 rabit
647 2889 746 2962 prame
765 2888 909 2964 Capitolio
924 2886 1026 2946 nobile
1038 2889 1131 2965 fumo,

480 2995 590 3053 rettulit
604 2995 722 3053 hirsutis
737 2994 880 3053 broeebia
895 2999 975 3052 reeta
991 2993 1079 3052 mors.

221 3093 342 3158 fumum
358 3101 474 3179 autem,
490 3115 587 3178 quem
602 3095 678 3159 olim
699 3095 887 3158 matutinam
908 3094 1058 3159 nebulam
1075 3114 1147 3160 esse
1157 3096 1335 3178 voluerunt,

222 3220 298 3266 vere
314 3200 355 3266 do
372 3201 566 3286 vespertinis
590 3201 659 3267 sive
675 3201 800 3267 nebulis
817 3202 886 3267 sive
911 3207 1087 3266 eastrorum
1111 3200 1206 3266 fumis
1223 3200 1334 3265 Hertz-

221 3306 351 3390 bergius
375 3308 532 3372 intellexit
554 3314 687 3393 propter
703 3329 732 3374 v.
749 3313 787 3372 31
808 3315 839 3372 et
856 3329 905 3372 vv.
922 3311 962 3373 63
986 3328 1032 3390 sq.
1079 3307 1136 3372 sed
1152 3305 1239 3371 idem
1255 3309 1335 3371 Tar-

221 3413 339 3497 peiam,
355 3433 438 3497 quae
454 3434 557 3498 mane,
573 3420 608 3479 ut
624 3435 693 3480 mos
710 3420 780 3479 erat
789 3415 831 3498 a„
855 3420 910 3479 aut
934 3434 1052 3497 aquam
1068 3413 1188 3480 Vestae
1204 3412 1336 3499 petendi

222 3539 321 3584 eausa
337 3519 405 3600 (eir.
422 3542 472 3585 vv.
486 3526 522 3585 15
541 3519 601 3606 sq.)
619 3526 674 3585 aut
691 3521 796 3585 omine
813 3521 925 3585 territa
940 3521 1137 3586 lustrationis
1155 3541 1252 3586 eausa
1269 3520 1336 3600 teir.

221 3647 272 3691 vv.
290 3629 330 3690 23
357 3631 437 3709 sqq.)
462 3625 504 3690 ad
528 3626 647 3692 iontem
673 3634 815 3710 venerat,
839 3646 899 3711 per
922 3633 1024 3690 totum
1048 3625 1133 3691 diem
1158 3627 1271 3692 statuit
1294 3626 1336 3692 ad

221 3730 341 3796 fontem
358 3732 524 3816 mansisse,
548 3753 588 3798 ne
605 3740 678 3798 ante
696 3733 917 3818 orepusonlum
942 3731 984 3796 ad
1008 3753 1115 3796 aroem
1140 3733 1267 3797 rediret.
1304 3739 1337 3820 at

221 3836 298 3920 quid
321 3838 450 3904 tandem
475 3839 617 3924 Tarpeia
641 3859 699 3924 por
723 3836 822 3905 totum
839 3837 872 3903 id
889 3844 1015 3923 tempus
1039 3839 1104 3904 illio
1120 3845 1245 3902 morata
1261 3839 1335 3904 est?

292 4015 318 4080 *j
332 4015 456 4084 Namque
469 4015 650 4070 lustrationes
664 4031 743 4070 mane
757 4015 846 4069 saetas
866 4030 927 4069 esse
940 4018 1060 4069 testatur
1073 4015 1157 4083 Verg.
1172 4013 1245 4070 Aen.
1259 4014 1336 4082 VIII,

221 4106 252 4155 67
268 4119 345 4172 sqq.;
359 4103 452 4158 Valer.
466 4103 555 4158 Flaoo.
568 4105 603 4173 V,
618 4109 668 4158 330
683 4120 759 4174 sqq.3
774 4103 844 4160 Stat.
858 4103 944 4159 Theb.
958 4104 1008 4171 IX,
1027 4109 1078 4158 570
1092 4119 1168 4172 sqq,
1183 4104 1335 4170 eodemque

219 4195 345 4260 tempore
357 4192 480 4261 virgines
496 4193 626 4248 Vestales
646 4194 714 4248 deae
733 4209 833 4262 aquam
850 4193 965 4262 petiisse
986 4193 1070 4248 dooet
1088 4193 1166 4247 velut
1179 4192 1257 4247 Ovid.
1271 4191 1335 4246 fest.

218 4280 319 4348 nan.
