3226 5162
860 422 902 486 96

323 596 364 663 de
381 597 495 664 eodem
512 603 702 681 argumento
719 596 849 682 scripta,
872 596 899 662 si
922 596 988 660 iam
1008 595 1151 681 legisset,
1175 596 1245 662 sine
1268 595 1365 662 dubio
1387 617 1436 663 re-

323 710 506 790 specturum
529 703 629 770 tuisse
653 700 790 769 censet?
835 709 869 767 at
899 723 963 768 non
993 701 1149 770 fastorum
1171 702 1237 788 illa,
1269 703 1326 770 sed
1349 704 1435 770 urhis

224 840 226 844 ·
322 812 445 877 Romae
460 811 672 897 periegeseos
688 808 871 892 fragmenta
887 829 959 876 esse
974 829 1057 875 nunc
1073 808 1247 876 docuimus.
1276 815 1436 894 postremo

323 918 365 986 de
381 919 495 986 edictis
510 917 584 1002 illis,
601 917 716 1000 quibus
725 917 869 982 carmina
883 922 994 984 nostra
1001 923 1154 1002 „excepto
1163 916 1272 982 ultimo
1281 915 1436 1002 puerilem

324 1026 432 1091 omnia
447 1044 566 1112 sapere
582 1031 615 1089 et
631 1023 854 1090 scholasticum
871 1031 1002 1108 poetam
1018 1042 1190 1105 crassaque
1206 1022 1352 1088 Minerva
1367 1041 1437 1088 esse

325 1133 521 1219 composita“
544 1131 595 1197 vel
620 1150 684 1195 non
705 1128 800 1195 modo
817 1130 1060 1215 ‚‚spuroissima“
1083 1130 1246 1196 continere
1270 1135 1302 1193 et
1324 1128 1438 1213 „irrele-

324 1238 542 1323 gantissima“‚
573 1236 632 1302 sed
663 1256 747 1319 quae
772 1236 870 1303 etiam
899 1258 919 1302 a
942 1256 1021 1304 vera
1044 1235 1205 1322 Propertii
1228 1241 1260 1300 et
1283 1233 1439 1319 Cynthiae

323 1344 466 1427 imagine
475 1342 677 1427 abhorreant,
692 1341 858 1428 protessus
875 1341 1177 1426 estHeimreichius,
1194 1340 1235 1408 de
1245 1341 1438 1423 quibuscum

326 1449 368 1514 ad
385 1451 584 1534 singulorum
601 1469 730 1516 sensum
745 1448 889 1533 redeant,
905 1447 1008 1514 libera
1023 1455 1072 1515 est
1088 1448 1261 1516 sententia:
1277 1484 1316 1494 -
1335 1445 1375 1512 de
1390 1446 1440 1512 his

328 1556 429 1639 igitur
453 1554 646 1638 quidnobis
677 1556 882 1622 iudicandum
905 1554 1054 1621 videatur
1078 1556 1124 1621 eis
1150 1555 1228 1622 satis
1253 1552 1383 1620 edoctus
1406 1573 1442 1618 es

326 1683 408 1746 quae
425 1662 467 1728 de
481 1662 594 1728 horum
611 1663 786 1728 carminum
811 1663 943 1729 consilio
968 1669 1000 1728 et
1024 1662 1254 1746 compositione
1279 1659 1441 1744 strophioa

326 1790 426 1854 supra
443 1768 687 1854 disputavimus.
734 1789 818 1850 quae
842 1789 913 1834 cum
937 1769 982 1832 ita
998 1769 1070 1852 sint,
1094 1773 1317 1851 argumentum
1343 1787 1439 1830 unum

326 1884 451 1941 tautum
467 1882 540 1960 stat,
556 1897 617 1959 quo
627 1876 664 1959 V,
684 1882 761 1942 tvv.
774 1881 828 1939 121
847 1895 917 1958 sqq·
934 1876 974 1940 ab
991 1875 1062 1961 ipso
1078 1874 1246 1959 Propertio
1263 1893 1280 1938 e
1296 1872 1440 1957 Propert.

327 1983 351 2066 1,
367 1986 408 2044 22
427 1981 602 2071 translatos
619 2001 692 2046 esse
713 1981 856 2064 negavit.
894 1979 928 2043 id
944 1986 1051 2046 autem
1068 1979 1153 2044 eadit
1168 1979 1202 2043 in
1218 1978 1295 2044 illud
1312 1999 1442 2044 carmen

328 2086 414 2171 quod
436 2086 652 2153 Heimreichio
683 2086 801 2152 certius
831 2107 889 2154 nos
914 2087 1050 2152 evicisse
1080 2107 1247 2171 speramus
1279 2105 1342 2150 nou
1370 2105 1441 2150 esse

328 2193 499 2278 Propertii.

417 2318 569 2382 Cetera
593 2323 728 2382 tamen
753 2338 839 2382 cum
862 2338 940 2382 non
964 2315 1176 2382 videamus
1205 2336 1352 2381 causas
1373 2335 1442 2380 cur

236 2473 241 2479 .
328 2424 424 2488 huic
448 2429 601 2508 poetae
625 2423 934 2508 abiudieemus,
957 2430 1039 2487 tum
1064 2421 1263 2506 quasdam
1287 2420 1442 2486 habere

328 2529 450 2594 nobis
467 2528 658 2594 videmur
681 2549 745 2593 cur
769 2530 805 2594 ei
826 2530 893 2595 vel
917 2529 1212 2612 attribuamus,
1235 2527 1443 2612 repetitas

328 2635 431 2700 illas
461 2635 636 2700 maxime
668 2656 686 2701 e
715 2655 759 2702 re
790 2635 1011 2715 metrica*).
1063 2634 1180 2700 seclusi
1211 2640 1319 2699 autem
1351 2653 1443 2697 ace·

329 2741 407 2807 teris
430 2761 527 2807 earm.
550 2742 587 2826 V,
614 2749 651 2806 lc
674 2741 760 2823 quod
783 2741 952 2825 Propertio
975 2737 1225 2806 abiudieandum
1250 2759 1321 2806 esse
1345 2738 1438 2821 duxi3

329 2867 512 2930 quanquam
535 2846 569 2910 in
592 2847 704 2931 paucis
737 2846 788 2912 his
819 2847 967 2913 uersibus
994 2867 1058 2912 non
1089 2847 1294 2913 inveniuntur
1319 2865 1401 2928 quae
1425 2866 1445 2910 a

331 2960 509 3017 ceterorum
531 2953 759 3020 consuetudine
784 2952 943 3018 differant.
996 2960 1029 3018 et
1050 2954 1188 3037 primum
1212 2952 1342 3035 quidem
1367 2971 1445 3034 qna-

329 3058 377 3123 les
401 3058 484 3122 inter
507 3057 722 3142 spondeorum
746 3067 778 3124 et
802 3059 1002 3145 dactylorum
1025 3059 1058 3123 in
1082 3058 1217 3142 singulis
1240 3059 1330 3124 libris
1354 3079 1444 3124 usum

330 3162 532 3230 intercedant
559 3165 699 3230 rationes
729 3166 840 3250 paucis
865 3166 1023 3251 exemplis
1046 3166 1284 3231 illustrabimus.
1337 3166 1446 3248 itaque

329 3290 413 3335 nuno
450 3269 709 3337 hexametrorum
750 3278 899 3354 quattuor
937 3270 1039 3357 pedes
1076 3271 1201 3355 priores
1239 3271 1300 3336 hac
1335 3271 1446 3335 tabula

330 3377 376 3438 ita
392 3376 603 3461 conferamus,
626 3385 661 3442 ut
683 3378 765 3443 liber·
792 3378 920 3460 quintus
945 3383 977 3442 et
1000 3383 1132 3459 quartus
1155 3376 1251 3442 facile
1268 3376 1446 3462 comparari

336 3483 467 3566 possint.
513 3482 701 3548 conformati
725 3490 832 3548 autem
849 3482 981 3549 suntad
998 3483 1117 3548 formas
1144 3503 1225 3565 quas
1251 3483 1446 3568 praescripsi

332 3587 512 3652 hexametri

404 3853 429 3916 *t
443 3855 476 3906 In
489 3853 532 3906 his
552 3858 645 3908 antem
658 3853 946 3913 animadversionibus
964 3854 1041 3907 leves
1060 3853 1172 3922 quidam
1185 3869 1360 3909 numerorum
1373 3869 1448 3909 erro-

333 3957 386 4006 res,
408 3957 479 4008 quos
498 3957 597 3996 vereor
617 3946 648 3995 ut
666 3959 782 4011 prorsus
803 3942 955 4009 effugerim,
975 3943 1126 3996 excusandi
1145 3942 1211 3996 mihi
1228 3948 1309 4011 sunt3
1330 3943 1380 3997 sed
1398 3957 1448 3996 eor

332 4030 496 4082 numerandi
518 4030 633 4096 negotio
653 4030 745 4084 denuo
771 4036 903 4098 suscepto
923 4031 1084 4085 removendi
1102 4031 1190 4098 magis
1209 4031 1292 4085 etiam
1310 4047 1354 4085 me
1372 4032 1449 4098 cepit

333 4117 464 4183 taedium,
479 4133 540 4169 cnm
552 4119 598 4171 vel
611 4118 651 4171 sic
663 4119 809 4172 universae
822 4118 945 4172 rationes
958 4119 1027 4172 sctis
1040 4123 1176 4172 constent
