3226 5162
706 467 744 528 et

173 637 233 704 sed
248 636 289 702 ad
305 639 514 723 posteriorem
525 638 664 722 aliquem
681 637 908 704 retrahendum
925 643 982 721 est,
998 638 1284 720 9911911919726

174 743 339 831 (28)111199
356 739 511 810 excedere
534 765 598 811 non
622 744 728 810 debet.
778 765 855 827 ergo
880 744 947 810 tere
970 765 998 808 a.
1023 749 1086 809 725
1112 743 1179 831 (29)
1203 744 1285 809 hanc

174 851 314 934 elegiam
329 871 350 915 a
365 851 532 935 Propertio
549 850 709 916 conditam
726 871 797 916 esse
815 851 884 916 veri
900 859 949 916 est
965 850 1078 916 simile.

262 955 351 1034 Quae
368 978 439 1023 cum
454 959 501 1022 ita
517 958 589 1040 sint,
612 957 694 1022 hacc
713 957 875 1023 invenisse
899 955 1053 1022 videmur.
1100 956 1285 1042 Propertius

217 1084 245 1127 a.
264 1066 327 1128 724
343 1069 410 1146 (39)
427 1065 551 1150 accepit
566 1065 607 1128 ab
623 1065 725 1129 amico
742 1064 850 1147 aliquo
867 1083 962 1129 carm.
980 1063 1017 1148 V,
1038 1069 1081 1129 lc.

216 1192 244 1236 a.
262 1175 324 1236 725
344 1175 411 1253 (29)
428 1171 496 1236 1919
512 1171 583 1257 ipse
600 1171 729 1257 scripsit
744 1190 839 1235 carm.
857 1171 893 1254 V,
912 1174 940 1235 8.

217 1280 325 1342 9733
344 1280 410 1357 (21)
456 1327 473 1362 ,,
548 1326 565 1361 ,,
662 1326 678 1362 ,,
740 1278 996 1361 carm.V,3;7.

217 1388 289 1468 post
304 1403 334 1448 a.
353 1387 415 1450 738
432 1389 500 1463 (16)
516 1383 611 1449 finem
628 1382 695 1450 lere
712 1383 784 1470 ipse
801 1384 930 1470 scripsit
947 1404 1043 1449 carm.
1060 1384 1097 1467 V,
1115 1387 1173 1448 tta:
1198 1388 1247 1447 11.

217 1495 291 1575 post
305 1510 334 1554 9.
352 1493 413 1554 739
432 1488 501 1576 (15)
517 1490 642 1555 initium
666 1538 682 1573 „
758 1539 774 1575 „
871 1539 887 1575 „
952 1511 1048 1556 carm.
1073 1490 1110 1573 V,
1138 1496 1192 1572 19;
1226 1490 1280 1572 rb,

953 1596 1189 1680 2;4;611;9;
1216 1599 1263 1660 10.

218 1721 246 1765 9.
265 1706 327 1766 749
345 1701 414 1788 (14)
432 1701 500 1767 1919
516 1710 658 1768 mortuus
675 1708 731 1769 est.

261 1808 373 1889 ltaque
389 1808 496 1873 omnia
511 1808 592 1873 haec
606 1810 750 1873 9911111119
766 1829 849 1892 quae
865 1810 947 1874 libro
961 1809 1071 1891 quinto
1081 1809 1286 1893 comprehen-

173 1911 290 1977 duntur
302 1935 365 1978 non
373 1915 476 2000 potuit
491 1914 572 1979 libro
581 1921 693 1996 quarto
709 1915 861 1998 inserere,
878 1936 974 1997 quem
990 1936 1017 1980 a
1029 1919 1091 1981 732
1102 1919 1169 1995 (22)
1179 1914 1288 1998 edidit,
1315 1951 1317 1954 ·

171 2025 300 2104 praeter
316 2041 412 2084 unum
430 2040 526 2085 carm.
543 2021 579 2103 V,
597 2025 625 2085 8.
670 2021 731 2086 hoc
747 2030 855 2087 autem
870 2023 947 2088 viva
968 2023 1132 2088 etiamtum
1149 2020 1287 2107 Cynthia

84 2117 86 2123 ’
172 2125 310 2209 retinuit,
328 2126 471 2208 quiahac
480 2127 588 2209 elegia
605 2127 672 2192 eius
689 2148 794 2193 mores
810 2129 915 2194 miuus
931 2128 1056 2194 honesti
1067 2148 1162 2211 quam
1172 2129 1288 2194 ceteris

171 2229 312 2316 priorum
328 2231 482 2298 librorum
492 2232 687 2298 carminibus
702 2231 936 2318 depinguntur·;
957 2253 1062 2316 neque
1079 2255 1170 2300 suam
1186 2235 1288 2319 ipsius

172 2337 205 2399 in
221 2337 282 2402 hac
299 2337 407 2420 elegia
423 2337 636 2404 conditionem
653 2339 761 2405 nescio
786 2361 848 2422 quo
872 2346 966 2425 pacto
992 2341 1161 2406 ridiculam
1178 2342 1287 2427 palam

171 2442 341 2510 ostendere
357 2445 466 2510 voluit.
497 2450 595 2526 atque
611 2465 707 2509 carm.
723 2445 761 2528 V,
780 2452 824 2529 lc,
841 2445 983 2528 quodne
1000 2468 1020 2511 9
1035 2446 1202 2532 Propertio
1220 2449 1287 2530 qui-

171 2548 245 2632 dem
261 2548 439 2635 profectum
457 2556 513 2634 est,
529 2551 563 2614 in
578 2550 691 2616 horum
708 2552 884 2617 carminum
901 2551 1045 2618 ordinem
1061 2554 1213 2639 illapsum
1230 2563 1288 2638 est,

171 2656 248 2737 quia
262 2655 315 2722 hic
329 2657 411 2722 liber
427 2664 501 2741 post
515 2643 635 2742 poetae'
648 2664 782 2725 mortem
793 2659 861 2725 sine
871 2657 968 2724 dubio
978 2661 1018 2724 ab
1029 2661 1141 2726 amicis
1151 2661 1287 2726 emissus

173 2768 229 2826 est.
260 2782 302 2825 an
318 2761 522 2847 Propertium
537 2764 644 2848 ipsum
661 2765 871 2851 imperfectae
882 2765 1090 2850 periegcseos
1107 2766 1287 2850 fragmenta

172 2872 227 2930 aut
241 2887 305 2932 non
319 2868 625 2956 perpolitumcarm.
641 2871 679 2955 V,
698 2877 733 2935 11
754 2870 895 2936 edidisse
913 2872 1098 2938 credibilius
1115 2872 1190 2938 est?
