3258 5168
739 407 780 472 23

206 602 268 666 quo
283 582 317 646 in
332 602 453 666 genere
468 602 571 668 nuper
588 579 820 646 Heimreiohius
836 580 869 644 in
885 580 987 664 symb.
1004 580 1056 666 ph.
1074 581 1108 646 B.
1124 604 1180 667 pp.
1193 586 1256 646 674
1274 602 1320 664 sq.

205 688 280 754 inde
296 709 317 752 a
332 709 427 754 earm.
445 690 482 774 V,
510 695 521 754 l
542 711 570 756 v.
589 693 627 752 71
646 708 764 753 novum
780 686 924 772 incipere
940 707 1070 752 carmen
1086 686 1322 754 demonstravit

206 815 268 879 quo
285 803 383 879 poeta
398 816 462 862 non
478 794 561 880 epici
578 793 728 860 carminis
745 792 956 878 componendi
981 793 1156 878 consilium,
1180 800 1214 858 ut
1237 793 1320 858 arbi-

206 901 371 966 trabantur
386 902 587 986 interpretes,
603 901 710 984 abicit,
734 898 793 966 sed
808 898 1002 984 horoscopus
1018 899 1125 966 nescio
1143 899 1213 982 quis
1230 899 1321 965 triste

205 1006 387 1093 prodigium
415 1007 607 1074 vaticinatur
631 1006 807 1092 Propertio.
860 1025 964 1088 neque
989 1012 1098 1070 tamen
1128 1006 1235 1070 omnia
1266 1005 1321 1070 ille

206 1114 402 1198 explanavit.
454 1114 544 1180 initio
577 1114 661 1179 enim
683 1112 832 1178 carminis
856 1111 994 1178 fatorum
1021 1111 1179 1196 Propertii
1204 1131 1319 1177 cauen-

206 1202 319 1294 dorum
337 1221 468 1286 oonsilio
485 1227 589 1305 capto,
604 1225 638 1285 ut
654 1239 734 1285 vera
750 1239 785 1284 se
802 1238 898 1304 posse
914 1218 1082 1284 vaticinari
1099 1217 1238 1283 affirmet
1254 1217 1321 1298 (cir.

205 1346 257 1391 vv.
275 1330 315 1389 75
326 1363 367 1372 -—
378 1323 444 1412 80),
459 1346 511 1390 vv.
526 1329 566 1392 89
584 1345 652 1408 sqq.
670 1325 829 1410 expromit
843 1325 974 1390 oracula
990 1331 1086 1390 antea
1101 1324 1142 1389 ab
1158 1325 1229 1409 ipso
1246 1322 1322 1389 data

205 1450 290 1514 quae
312 1450 391 1495 vera
414 1429 540 1496 fuerint.
586 1429 644 1496 sed
667 1430 750 1496 inter
773 1429 831 1496 hos
854 1449 968 1498 versus
991 1450 1075 1496 nunc
1097 1431 1246 1514 leguntur
1271 1451 1321 1495 vv.
1422 1521 1424 1524 Ι

207 1540 244 1602 81
266 1574 308 1583 -
325 1541 366 1604 88
390 1557 454 1602 non
478 1557 542 1602 uua
566 1535 753 1603 difficultate
776 1536 932 1623 impediti,
955 1535 1013 1602 sed
1038 1537 1135 1602 etiam
1160 1538 1200 1603 ab
1225 1557 1320 1620 argu-

206 1649 322 1727 mento,
339 1642 373 1707 in
389 1664 451 1726 quo
468 1642 659 1728 explicando
676 1664 758 1708 nunc
766 1651 914 1708 versetur
921 1643 1033 1726 Heres,
1049 1665 1181 1729 prorsus
1198 1643 1321 1708 absoni.

205 1769 289 1834 nam,
306 1756 340 1813 ut
356 1749 485 1832 singula
502 1750 640 1834 primum
656 1747 832 1830 videamus,
849 1749 903 1814 uhi
919 1771 996 1814 onoc
1010 1749 1113 1832 inquit
1128 1750 1183 1816 ille
1193 1757 1322 1830 pretium

202 1861 304 1933 fecere
318 1862 389 1940 deis,
405 1855 540 1940 opponit
548 1875 657 1922 eorum
667 1855 721 1938 qui
730 1876 787 1921 suo
801 1862 946 1941 tempore
962 1855 1074 1921 vivunt
1083 1854 1320 1922 Chaldaeorum

207 1960 374 2045 perfidiam
385 1960 595 2028 etmendacia
611 1982 721 2028 eorum
738 1962 794 2046 qui
809 1969 906 2027 antea
922 1961 1050 2027 fuerunt
1064 1962 1148 2027 fidei.
1180 1968 1320 2027 attamen

204 2067 245 2133 de
260 2068 404 2152 priorum
420 2068 557 2134 veritate
573 2069 662 2132 nulla
678 2068 805 2135 omnino
823 2069 942 2134 mentio
959 2067 1043 2134 lacta
1064 2075 1113 2134 est
1128 2088 1234 2152 neque
1249 2067 1318 2133 fieri

205 2180 310 2259 potest
332 2174 407 2258 ulla,
432 2173 588 2258 ⁴quoniam
610 2172 643 2238 id
667 2174 736 2258 agit
761 2175 873 2258 Honos,
905 2180 939 2240 nt
963 2195 998 2240 se
1022 2175 1135 2257 suique
1166 2175 1320 2260 temporis

204 2279 383 2363 astrologos
407 2279 516 2345 omnia
538 2300 617 2346 vera
639 2280 724 2346 solos
748 2279 916 2345 vaticinari
933 2279 1105 2346 adseveret
1120 2300 1225 2364 neque
1242 2300 1319 2346 vero

205 2405 260 2451 eos
276 2385 331 2469 qui
347 2367 422 2452 ante
437 2387 542 2471 ipsum
558 2385 733 2450 floruerint
778 2385 839 2450 huc
855 2385 988 2470 accedit,
1012 2386 1097 2469 quod
1113 2387 1170 2453 illa
1186 2391 1321 2466 obliquae

203 2498 290 2572 apoc
305 2498 413 2556 iterata
427 2502 520 2576 rotae,
543 2512 627 2576 quae
643 2491 812 2558 manifesto
828 2512 891 2558 non
907 2491 1027 2558 habent
1047 2492 1131 2558 unde
1148 2491 1319 2580 pendeant,

205 2604 364 2682 utcunque
387 2599 544 2684 explicari
568 2600 658 2684 velis,
679 2600 734 2664 vix
756 2599 802 2664 ite
825 2599 1030 2685 interpretari
1054 2600 1184 2686 poteris,
1207 2606 1318 2665 utnon

205 2709 261 2770 aut
276 2712 427 2791 corrupta
441 2713 497 2770 aut
514 2705 561 2771 eis
578 2725 661 2790 quae
677 2705 893 2788 sequebantur
908 2706 1232 2773 omissisohscun'ora
1247 2725 1319 2771 esse

205 2809 371 2878 concedas.
423 2811 507 2878 unde
530 2833 607 2878 vero
624 2811 765 2898 pendent
789 2834 839 2878 vv.
865 2816 905 2878 83
926 2849 966 2860 -
984 2812 1051 2878 86?
1098 2813 1197 2879 verbo
1223 2819 1319 2878 dicam
1383 2889 1389 2902 ³

206 2939 234 2982 v.
252 2921 292 2982 87
309 2918 336 2984 si
353 2925 516 3002 reguntur,
539 2938 623 3002 quae
640 2918 797 2984 editorum
814 2918 921 3003 opinio
939 2939 1011 2985 esse
1028 2918 1163 3003 videtur,
1180 2940 1220 2984 ea
1236 2939 1319 3003 qnae

205 3031 354 3090 secuntur
376 3030 467 3090 Troia
489 3031 580 3090 eadee
611 3035 638 3089 et
660 3030 767 3090 Troico
791 3031 886 3090 Roma
907 3046 1045 3105 rescryec
1074 3045 1138 3108 qua
1161 3031 1320 3093 structura

110 3161 119 3180 ·
204 3137 374 3197 teneantur
403 3151 468 3197 non
498 3132 608 3214 liquet.
640 3131 759 3215 quid?
803 3131 889 3214 quod
919 3130 1113 3216 horoscopus
1143 3153 1207 3197 non
1238 3153 1318 3218 opus

205 3238 451 3304 astronomicum
482 3237 679 3322 conditurus,
709 3237 768 3304 sed
799 3237 958 3323 Propertii
990 3236 1056 3304 leta
1088 3237 1230 3304 editurus
1262 3245 1318 3304 est.

205 3363 354 3427 quorsum
363 3344 461 3427 igitur
468 3343 566 3408 illud:
589 3351 749 3426 felicesque
764 3351 846 3410 Joor's
860 3351 1095 3410 stellas-dicum?
1125 3365 1202 3428 ergo
1220 3345 1318 3412 etiam

205 3471 255 3516 vv.
272 3455 312 3516 83
324 3489 364 3498 -
376 3455 416 3518 86
433 3449 570 3518 frustula
589 3471 660 3516 esse
677 3449 834 3518 concedes
851 3471 869 3516 e
886 3471 943 3516 suo
960 3451 1190 3518 sententiarum
1207 3451 1318 3517 ordine

205 3556 383 3640 exturbate,
400 3557 535 3641 etiamsi,
551 3563 585 3622 ut
601 3556 731 3640 quidam
748 3558 925 3641 voluerunt,
942 3558 1125 3643 reposueris
1147 3580 1204 3643 pro
1220 3567 1319 3624 stellas

205 3662 387 3728 accusativo
403 3663 634 3729 nominativum
649 3672 759 3728 stellae.
805 3664 909 3730 minus
927 3664 1025 3730 etiam
1041 3666 1173 3730 Troiam
1191 3671 1318 3752 captam

206 3775 237 3834 et
252 3769 406 3835 victorum
424 3788 549 3836 errores
566 3763 670 3836 Horos
686 3771 920 3856 compositurus
941 3777 997 3835 est.
1043 3770 1121 3854 quid
1144 3771 1242 3854 igitur
1258 3771 1318 3837 huc

205 3874 346 3960 pertinet
361 3897 390 3942 v.
408 3879 468 3941 88:

416 3994 444 4046 et
458 3988 549 4046 moris
564 3993 592 4047 et
607 3993 708 4048 terroe
724 3989 814 4062 loopo
829 3989 966 4062 sepulcro
982 3984 1113 4048 eunom?

205 4092 247 4169 at,
267 4085 370 4170 inquit
385 4088 535 4172 lacobus,
552 4109 623 4154 cum
641 4095 737 4154 dicum
754 4096 785 4154 et
801 4111 908 4153 canum
923 4091 1026 4156 verba
1040 4110 1104 4154 non
1121 4090 1235 4173 lutura,
1260 4089 1318 4155 sod

204 4194 385 4277 praesentis
401 4194 555 4280 temporis
571 4195 764 4260 coniunctivi
778 4195 850 4279 sint,
866 4216 963 4280 posse
979 4216 1015 4262 sc
1031 4197 1096 4280 illa,
1113 4197 1141 4262 si
1157 4217 1208 4262 res
1226 4196 1317 4280 ierat,

205 4299 374 4368 vaticinari
390 4300 584 4388 horoscopus
609 4300 792 4387 profitetnr;
828 4300 883 4368 cfr.
908 4302 1138 4386 Hertnbergius
1170 4301 1212 4368 ad
1243 4302 1272 4368 h.
1296 4303 1315 4366 l.
