<?xml version="1.0" encoding="UTF-8"?>
<!DOCTYPE html PUBLIC "-//W3C//DTD XHTML 1.0 Transitional//EN"
    "http://www.w3.org/TR/xhtml1/DTD/xhtml1-transitional.dtd">
<html xmlns="http://www.w3.org/1999/xhtml" xml:lang="en" lang="en">
 <head>
  <title>
</title>
<meta http-equiv="Content-Type" content="text/html;charset=utf-8" />
  <meta name='ocr-system' content='tesseract 3.04.00' />
  <meta name='ocr-capabilities' content='ocr_page ocr_carea ocr_par ocr_line ocrx_word'/>
</head>
<body>
  <div class='ocr_page' id='page_1' title='image "./commentationesp00propgoog_0047.png"; bbox 0 0 3258 5168; ppageno 0'>
   <div class='ocr_carea' id='block_1_1' title="bbox 851 449 893 513">
    <p class='ocr_par' dir='ltr' id='par_1_1' title="bbox 851 449 893 513">
     <span class='ocr_line' id='line_1_1' title="bbox 851 449 893 513; baseline 0.024 -1"><span class='ocrx_word' id='word_1_1' title='bbox 851 449 893 513; x_wconf 88' lang='grc'>38</span> 
     </span>
    </p>
   </div>
   <div class='ocr_carea' id='block_1_2' title="bbox 315 629 1432 4435">
    <p class='ocr_par' dir='ltr' id='par_1_2' title="bbox 315 629 1432 4435">
     <span class='ocr_line' id='line_1_2' title="bbox 455 629 1288 704; baseline 0.001 -18"><span class='ocrx_word' id='word_1_2' title='bbox 455 645 524 687; x_wconf 80' lang='lat' dir='ltr'>nom</span> <span class='ocrx_word' id='word_1_3' title='bbox 539 630 609 688; x_wconf 80' lang='lat' dir='ltr'>milri</span> <span class='ocrx_word' id='word_1_4' title='bbox 623 631 703 704; x_wconf 86' lang='lat' dir='ltr'>quo?</span> <span class='ocrx_word' id='word_1_5' title='bbox 737 629 843 688; x_wconf 80' lang='lat' dir='ltr'><em>Poenis</em></span> <span class='ocrx_word' id='word_1_6' title='bbox 858 629 908 688; x_wconf 82' lang='lat' dir='ltr'>ribi</span> <span class='ocrx_word' id='word_1_7' title='bbox 916 645 1057 704; x_wconf 83' lang='lat' dir='ltr'>purpura</span> <span class='ocrx_word' id='word_1_8' title='bbox 1069 631 1187 703; x_wconf 74' lang='lat' dir='ltr'>sulpcot</span> <span class='ocrx_word' id='word_1_9' title='bbox 1203 629 1288 688; x_wconf 75' lang='lat' dir='ltr'>ortis</span> 
     </span>
     <span class='ocr_line' id='line_1_3' title="bbox 531 730 1209 814; baseline -0.003 -18"><span class='ocrx_word' id='word_1_10' title='bbox 531 739 744 814; x_wconf 60' lang='lat' dir='ltr'>myrtumque</span> <span class='ocrx_word' id='word_1_11' title='bbox 757 753 838 796; x_wconf 82' lang='lat' dir='ltr'>mcor</span> <span class='ocrx_word' id='word_1_12' title='bbox 853 742 936 796; x_wconf 83' lang='lat' dir='ltr'>ornet</span> <span class='ocrx_word' id='word_1_13' title='bbox 951 753 1065 812; x_wconf 81' lang='lat' dir='ltr'>aquoso</span> <span class='ocrx_word' id='word_1_14' title='bbox 1079 730 1209 796; x_wconf 75' lang='lat' dir='ltr'>monos?</span> 
     </span>
     <span class='ocr_line' id='line_1_4' title="bbox 316 827 1428 923; baseline 0 -20"><span class='ocrx_word' id='word_1_15' title='bbox 316 839 435 923; x_wconf 87' lang='lat' dir='ltr'>quippe</span> <span class='ocrx_word' id='word_1_16' title='bbox 452 839 507 920; x_wconf 90' lang='lat' dir='ltr'>qui</span> <span class='ocrx_word' id='word_1_17' title='bbox 522 861 591 903; x_wconf 84' lang='lat' dir='ltr'>acm</span> <span class='ocrx_word' id='word_1_18' title='bbox 614 838 773 922; x_wconf 89' lang='lat' dir='ltr'>particula</span> <span class='ocrx_word' id='word_1_19' title='bbox 787 838 966 921; x_wconf 76' lang='lat' dir='ltr'>incipiant?</span> <span class='ocrx_word' id='word_1_20' title='bbox 1012 839 1040 904; x_wconf 88' lang='lat' dir='ltr'>si</span> <span class='ocrx_word' id='word_1_21' title='bbox 1062 827 1245 923; x_wconf 78' lang='lat' dir='ltr'>probamus,</span> <span class='ocrx_word' id='word_1_22' title='bbox 1268 846 1303 904; x_wconf 91' lang='lat' dir='ltr'>ut</span> <span class='ocrx_word' id='word_1_23' title='bbox 1326 839 1428 923; x_wconf 87' lang='lat' dir='ltr'>decet,</span> 
     </span>
     <span class='ocr_line' id='line_1_5' title="bbox 316 945 1427 1030; baseline 0 -19"><span class='ocrx_word' id='word_1_24' title='bbox 316 947 522 1030; x_wconf 79' lang='lat' dir='ltr'>Neapolitani</span> <span class='ocrx_word' id='word_1_25' title='bbox 545 946 578 1010; x_wconf 93' lang='lat' dir='ltr'>in</span> <span class='ocrx_word' id='word_1_26' title='bbox 600 967 629 1012; x_wconf 92' lang='lat' dir='ltr'>v.</span> <span class='ocrx_word' id='word_1_27' title='bbox 647 948 687 1009; x_wconf 82' lang='lat'>52</span> <span class='ocrx_word' id='word_1_28' title='bbox 713 946 903 1029; x_wconf 73' lang='lat' dir='ltr'>scripturam</span> <span class='ocrx_word' id='word_1_29' title='bbox 925 967 1007 1010; x_wconf 80' lang='lat' dir='ltr'>moos</span> <span class='ocrx_word' id='word_1_30' title='bbox 1030 945 1099 1026; x_wconf 87' lang='lat' dir='ltr'>(cfr.</span> <span class='ocrx_word' id='word_1_31' title='bbox 1116 946 1256 1011; x_wconf 83' lang='lat' dir='ltr'>lacobus</span> <span class='ocrx_word' id='word_1_32' title='bbox 1273 945 1315 1010; x_wconf 88' lang='lat' dir='ltr'>ad</span> <span class='ocrx_word' id='word_1_33' title='bbox 1331 946 1359 1010; x_wconf 93' lang='lat' dir='ltr'>h.</span> <span class='ocrx_word' id='word_1_34' title='bbox 1376 954 1427 1030; x_wconf 78' lang='lat' dir='ltr'>u),</span> 
     </span>
     <span class='ocr_line' id='line_1_6' title="bbox 315 1051 1428 1138; baseline -0.003 -20"><span class='ocrx_word' id='word_1_35' title='bbox 315 1075 388 1138; x_wconf 86' lang='lat' dir='ltr'>„cur</span> <span class='ocrx_word' id='word_1_36' title='bbox 397 1052 493 1117; x_wconf 83' lang='lat' dir='ltr'>mihi“</span> <span class='ocrx_word' id='word_1_37' title='bbox 501 1053 603 1135; x_wconf 91' lang='lat' dir='ltr'>inquit</span> <span class='ocrx_word' id='word_1_38' title='bbox 611 1051 771 1117; x_wconf 89' lang='lat' dir='ltr'>Arethusa</span> <span class='ocrx_word' id='word_1_39' title='bbox 779 1051 1144 1135; x_wconf 78' lang='lat' dir='ltr'>„ornamentainduamr</span> <span class='ocrx_word' id='word_1_40' title='bbox 1168 1073 1230 1117; x_wconf 92' lang='lat' dir='ltr'>non</span> <span class='ocrx_word' id='word_1_41' title='bbox 1238 1071 1312 1117; x_wconf 88' lang='lat' dir='ltr'>mea</span> <span class='ocrx_word' id='word_1_42' title='bbox 1321 1072 1428 1136; x_wconf 86' lang='lat' dir='ltr'>causa,</span> 
     </span>
     <span class='ocr_line' id='line_1_7' title="bbox 317 1158 1428 1243; baseline -0.001 -18"><span class='ocrx_word' id='word_1_43' title='bbox 317 1159 374 1225; x_wconf 86' lang='lat' dir='ltr'>sed</span> <span class='ocrx_word' id='word_1_44' title='bbox 389 1165 425 1223; x_wconf 90' lang='lat' dir='ltr'>ut</span> <span class='ocrx_word' id='word_1_45' title='bbox 440 1159 497 1223; x_wconf 91' lang='lat' dir='ltr'>tihi</span> <span class='ocrx_word' id='word_1_46' title='bbox 519 1159 665 1243; x_wconf 91' lang='lat' dir='ltr'>placeam</span> <span class='ocrx_word' id='word_1_47' title='bbox 682 1178 796 1224; x_wconf 86' lang='lat' dir='ltr'>ornare</span> <span class='ocrx_word' id='word_1_48' title='bbox 812 1178 864 1224; x_wconf 90' lang='lat' dir='ltr'>me</span> <span class='ocrx_word' id='word_1_49' title='bbox 880 1159 993 1224; x_wconf 87' lang='lat' dir='ltr'>soloo“.</span> <span class='ocrx_word' id='word_1_50' title='bbox 1024 1158 1104 1224; x_wconf 89' lang='lat' dir='ltr'>haec</span> <span class='ocrx_word' id='word_1_51' title='bbox 1126 1165 1235 1224; x_wconf 90' lang='lat' dir='ltr'>tamen</span> <span class='ocrx_word' id='word_1_52' title='bbox 1254 1158 1428 1224; x_wconf 85' lang='lat' dir='ltr'>enuntiatio</span> 
     </span>
     <span class='ocr_line' id='line_1_8' title="bbox 316 1263 1430 1351; baseline -0.001 -22"><span class='ocrx_word' id='word_1_53' title='bbox 316 1270 351 1330; x_wconf 95' lang='lat' dir='ltr'>ut</span> <span class='ocrx_word' id='word_1_54' title='bbox 374 1263 598 1351; x_wconf 89' lang='lat' dir='ltr'>praecedentis</span> <span class='ocrx_word' id='word_1_55' title='bbox 626 1263 753 1330; x_wconf 76' lang='lat' dir='ltr'>distichi</span> <span class='ocrx_word' id='word_1_56' title='bbox 774 1285 921 1330; x_wconf 91' lang='lat' dir='ltr'>normam</span> <span class='ocrx_word' id='word_1_57' title='bbox 942 1265 1113 1350; x_wconf 85' lang='lat' dir='ltr'>confirmet,</span> <span class='ocrx_word' id='word_1_58' title='bbox 1136 1271 1259 1330; x_wconf 88' lang='lat' dir='ltr'>tantum</span> <span class='ocrx_word' id='word_1_59' title='bbox 1283 1265 1376 1330; x_wconf 86' lang='lat' dir='ltr'>abest</span> <span class='ocrx_word' id='word_1_60' title='bbox 1396 1271 1430 1329; x_wconf 89' lang='lat' dir='ltr'>ut</span> 
     </span>
     <span class='ocr_line' id='line_1_9' title="bbox 316 1371 1429 1455; baseline 0 -20"><span class='ocrx_word' id='word_1_61' title='bbox 316 1393 379 1436; x_wconf 90' lang='lat' dir='ltr'>non</span> <span class='ocrx_word' id='word_1_62' title='bbox 403 1371 504 1455; x_wconf 82' lang='lat' dir='ltr'>possit</span> <span class='ocrx_word' id='word_1_63' title='bbox 526 1392 590 1436; x_wconf 88' lang='lat' dir='ltr'>non</span> <span class='ocrx_word' id='word_1_64' title='bbox 613 1391 745 1438; x_wconf 87' lang='lat' dir='ltr'>oausam</span> <span class='ocrx_word' id='word_1_65' title='bbox 765 1373 842 1437; x_wconf 92' lang='lat' dir='ltr'>olim</span> <span class='ocrx_word' id='word_1_66' title='bbox 865 1373 1012 1438; x_wconf 87' lang='lat' dir='ltr'>attulisse</span> <span class='ocrx_word' id='word_1_67' title='bbox 1036 1393 1091 1437; x_wconf 89' lang='lat' dir='ltr'>cur</span> <span class='ocrx_word' id='word_1_68' title='bbox 1112 1371 1273 1438; x_wconf 86' lang='lat' dir='ltr'>Arethusa</span> <span class='ocrx_word' id='word_1_69' title='bbox 1296 1371 1429 1436; x_wconf 89' lang='lat' dir='ltr'>absente</span> 
     </span>
     <span class='ocr_line' id='line_1_10' title="bbox 316 1475 1428 1568; baseline -0.001 -26"><span class='ocrx_word' id='word_1_70' title='bbox 316 1477 430 1543; x_wconf 87' lang='lat' dir='ltr'>marito</span> <span class='ocrx_word' id='word_1_71' title='bbox 447 1497 483 1544; x_wconf 90' lang='lat' dir='ltr'>se</span> <span class='ocrx_word' id='word_1_72' title='bbox 499 1475 636 1544; x_wconf 88' lang='lat' dir='ltr'>sordidis</span> <span class='ocrx_word' id='word_1_73' title='bbox 646 1477 790 1544; x_wconf 87' lang='lat' dir='ltr'>vestibus</span> <span class='ocrx_word' id='word_1_74' title='bbox 805 1476 950 1568; x_wconf 82' lang='lat' dir='ltr'>iudutam</span> <span class='ocrx_word' id='word_1_75' title='bbox 975 1479 1070 1562; x_wconf 89' lang='lat' dir='ltr'>quasi</span> <span class='ocrx_word' id='word_1_76' title='bbox 1085 1499 1232 1545; x_wconf 88' lang='lat' dir='ltr'>maerere</span> <span class='ocrx_word' id='word_1_77' title='bbox 1248 1483 1363 1560; x_wconf 87' lang='lat' dir='ltr'>questa</span> <span class='ocrx_word' id='word_1_78' title='bbox 1379 1478 1428 1544; x_wconf 89' lang='lat' dir='ltr'>sit.</span> 
     </span>
     <span class='ocr_line' id='line_1_11' title="bbox 317 1584 1428 1670; baseline -0.001 -19"><span class='ocrx_word' id='word_1_79' title='bbox 317 1586 386 1651; x_wconf 92' lang='lat' dir='ltr'>eius</span> <span class='ocrx_word' id='word_1_80' title='bbox 402 1585 501 1669; x_wconf 84' lang='lat' dir='ltr'>igitur</span> <span class='ocrx_word' id='word_1_81' title='bbox 523 1585 653 1668; x_wconf 82' lang='lat' dir='ltr'>generis</span> <span class='ocrx_word' id='word_1_82' title='bbox 676 1584 799 1667; x_wconf 89' lang='lat' dir='ltr'>aliquot</span> <span class='ocrx_word' id='word_1_83' title='bbox 821 1605 935 1651; x_wconf 90' lang='lat' dir='ltr'>versus</span> <span class='ocrx_word' id='word_1_84' title='bbox 959 1591 1032 1651; x_wconf 90' lang='lat' dir='ltr'>ante</span> <span class='ocrx_word' id='word_1_85' title='bbox 1056 1607 1084 1650; x_wconf 88' lang='lat' dir='ltr'>v.</span> <span class='ocrx_word' id='word_1_86' title='bbox 1102 1591 1140 1650; x_wconf 84' lang='grc'>51</span> <span class='ocrx_word' id='word_1_87' title='bbox 1160 1584 1324 1670; x_wconf 87' lang='lat' dir='ltr'>deperditi</span> <span class='ocrx_word' id='word_1_88' title='bbox 1347 1591 1428 1665; x_wconf 83' lang='lat' dir='ltr'>sunt,</span> 
     </span>
     <span class='ocr_line' id='line_1_12' title="bbox 316 1691 1429 1777; baseline 0 -22"><span class='ocrx_word' id='word_1_89' title='bbox 316 1692 378 1758; x_wconf 89' lang='lat' dir='ltr'>nisi</span> <span class='ocrx_word' id='word_1_90' title='bbox 393 1713 462 1756; x_wconf 84' lang='lat' dir='ltr'>nom</span> <span class='ocrx_word' id='word_1_91' title='bbox 478 1691 634 1776; x_wconf 88' lang='lat' dir='ltr'>particula</span> <span class='ocrx_word' id='word_1_92' title='bbox 657 1711 736 1757; x_wconf 92' lang='lat' dir='ltr'>sano</span> <span class='ocrx_word' id='word_1_93' title='bbox 758 1712 855 1758; x_wconf 87' lang='lat' dir='ltr'>sensu</span> <span class='ocrx_word' id='word_1_94' title='bbox 870 1712 1000 1777; x_wconf 90' lang='lat' dir='ltr'>prorsus</span> <span class='ocrx_word' id='word_1_95' title='bbox 1017 1711 1126 1758; x_wconf 79' lang='lat' dir='ltr'>carere</span> <span class='ocrx_word' id='word_1_96' title='bbox 1143 1691 1357 1758; x_wconf 86' lang='lat' dir='ltr'>existimanda</span> <span class='ocrx_word' id='word_1_97' title='bbox 1373 1697 1429 1757; x_wconf 87' lang='lat' dir='ltr'>est</span> 
     </span>
     <span class='ocr_line' id='line_1_13' title="bbox 317 1796 1430 1882; baseline -0.001 -18"><span class='ocrx_word' id='word_1_98' title='bbox 317 1796 376 1864; x_wconf 87' lang='lat' dir='ltr'>sed</span> <span class='ocrx_word' id='word_1_99' title='bbox 392 1799 518 1864; x_wconf 74' lang='lat' dir='ltr'>edamsi</span> <span class='ocrx_word' id='word_1_100' title='bbox 537 1797 583 1861; x_wconf 88' lang='lat' dir='ltr'>ita</span> <span class='ocrx_word' id='word_1_101' title='bbox 606 1798 783 1864; x_wconf 85' lang='lat' dir='ltr'>sententias</span> <span class='ocrx_word' id='word_1_102' title='bbox 807 1798 981 1882; x_wconf 88' lang='lat' dir='ltr'>explemus,</span> <span class='ocrx_word' id='word_1_103' title='bbox 1004 1803 1113 1863; x_wconf 89' lang='lat' dir='ltr'>tamen</span> <span class='ocrx_word' id='word_1_104' title='bbox 1136 1819 1187 1863; x_wconf 87' lang='lat' dir='ltr'>vv.</span> <span class='ocrx_word' id='word_1_105' title='bbox 1204 1803 1245 1864; x_wconf 85' lang='grc'>49</span> <span class='ocrx_word' id='word_1_106' title='bbox 1263 1817 1308 1881; x_wconf 91' lang='lat' dir='ltr'>sq.</span> <span class='ocrx_word' id='word_1_107' title='bbox 1325 1817 1430 1880; x_wconf 84' lang='lat' dir='ltr'>neque</span> 
     </span>
     <span class='ocr_line' id='line_1_14' title="bbox 317 1902 1430 1987; baseline 0.001 -19"><span class='ocrx_word' id='word_1_108' title='bbox 317 1924 389 1968; x_wconf 91' lang='lat' dir='ltr'>cum</span> <span class='ocrx_word' id='word_1_109' title='bbox 412 1902 677 1970; x_wconf 88' lang='lat' dir='ltr'>antecedentibus</span> <span class='ocrx_word' id='word_1_110' title='bbox 707 1924 812 1986; x_wconf 88' lang='lat' dir='ltr'>neque</span> <span class='ocrx_word' id='word_1_111' title='bbox 845 1925 916 1968; x_wconf 90' lang='lat' dir='ltr'>oum</span> <span class='ocrx_word' id='word_1_112' title='bbox 947 1903 1154 1987; x_wconf 90' lang='lat' dir='ltr'>sequentibus</span> <span class='ocrx_word' id='word_1_113' title='bbox 1178 1905 1324 1971; x_wconf 90' lang='lat' dir='ltr'>versibus</span> <span class='ocrx_word' id='word_1_114' title='bbox 1347 1904 1430 1970; x_wconf 91' lang='lat' dir='ltr'>iusto</span> 
     </span>
     <span class='ocr_line' id='line_1_15' title="bbox 316 2009 1430 2094; baseline -0.001 -20"><span class='ocrx_word' id='word_1_115' title='bbox 316 2029 402 2074; x_wconf 85' lang='lat' dir='ltr'>nexu</span> <span class='ocrx_word' id='word_1_116' title='bbox 418 2009 597 2075; x_wconf 86' lang='lat' dir='ltr'>cohaerent.</span> <span class='ocrx_word' id='word_1_117' title='bbox 628 2009 706 2093; x_wconf 92' lang='lat' dir='ltr'>quid</span> <span class='ocrx_word' id='word_1_118' title='bbox 723 2010 808 2075; x_wconf 90' lang='lat' dir='ltr'>enim</span> <span class='ocrx_word' id='word_1_119' title='bbox 823 2009 905 2075; x_wconf 90' lang='lat' dir='ltr'>hano</span> <span class='ocrx_word' id='word_1_120' title='bbox 922 2011 1179 2077; x_wconf 85' lang='lat' dir='ltr'>observationem</span> <span class='ocrx_word' id='word_1_121' title='bbox 1200 2017 1266 2076; x_wconf 87' lang='lat' dir='ltr'>tam</span> <span class='ocrx_word' id='word_1_122' title='bbox 1283 2011 1430 2094; x_wconf 82' lang='lat' dir='ltr'>generali</span> 
     </span>
     <span class='ocr_line' id='line_1_16' title="bbox 318 2115 1430 2200; baseline -0.002 -19"><span class='ocrx_word' id='word_1_123' title='bbox 318 2116 476 2181; x_wconf 89' lang='lat' dir='ltr'>sententia</span> <span class='ocrx_word' id='word_1_124' title='bbox 492 2116 649 2199; x_wconf 87' lang='lat' dir='ltr'>prolatam</span> <span class='ocrx_word' id='word_1_125' title='bbox 664 2115 716 2181; x_wconf 90' lang='lat' dir='ltr'>hic</span> <span class='ocrx_word' id='word_1_126' title='bbox 731 2117 858 2182; x_wconf 88' lang='lat' dir='ltr'>intrusit</span> <span class='ocrx_word' id='word_1_127' title='bbox 871 2115 1006 2181; x_wconf 80' lang='lat' dir='ltr'>auctor?</span> <span class='ocrx_word' id='word_1_128' title='bbox 1030 2137 1113 2200; x_wconf 91' lang='lat' dir='ltr'>quae</span> <span class='ocrx_word' id='word_1_129' title='bbox 1130 2124 1197 2182; x_wconf 90' lang='lat' dir='ltr'>tum</span> <span class='ocrx_word' id='word_1_130' title='bbox 1212 2117 1343 2182; x_wconf 91' lang='lat' dir='ltr'>demum</span> <span class='ocrx_word' id='word_1_131' title='bbox 1359 2137 1430 2180; x_wconf 93' lang='lat' dir='ltr'>cum</span> 
     </span>
     <span class='ocr_line' id='line_1_17' title="bbox 317 2222 1429 2308; baseline 0 -22"><span class='ocrx_word' id='word_1_132' title='bbox 317 2243 368 2286; x_wconf 87' lang='lat' dir='ltr'>vr.</span> <span class='ocrx_word' id='word_1_133' title='bbox 385 2225 426 2286; x_wconf 88' lang='grc'>43</span> <span class='ocrx_word' id='word_1_134' title='bbox 444 2242 513 2305; x_wconf 90' lang='lat' dir='ltr'>sqq.</span> <span class='ocrx_word' id='word_1_135' title='bbox 529 2222 612 2287; x_wconf 86' lang='lat' dir='ltr'>hene</span> <span class='ocrx_word' id='word_1_136' title='bbox 628 2223 837 2307; x_wconf 83' lang='lat' dir='ltr'>coniungitur,</span> <span class='ocrx_word' id='word_1_137' title='bbox 853 2223 881 2289; x_wconf 95' lang='lat' dir='ltr'>si</span> <span class='ocrx_word' id='word_1_138' title='bbox 897 2222 1057 2289; x_wconf 86' lang='lat' dir='ltr'>Arethusa</span> <span class='ocrx_word' id='word_1_139' title='bbox 1080 2244 1116 2290; x_wconf 88' lang='lat' dir='ltr'>se</span> <span class='ocrx_word' id='word_1_140' title='bbox 1131 2229 1262 2308; x_wconf 89' lang='lat' dir='ltr'>propter</span> <span class='ocrx_word' id='word_1_141' title='bbox 1277 2243 1429 2305; x_wconf 84' lang='lat' dir='ltr'>magnum</span> 
     </span>
     <span class='ocr_line' id='line_1_18' title="bbox 318 2328 1430 2414; baseline 0.002 -22"><span class='ocrx_word' id='word_1_142' title='bbox 318 2328 461 2410; x_wconf 86' lang='lat' dir='ltr'>coniugis</span> <span class='ocrx_word' id='word_1_143' title='bbox 477 2349 619 2394; x_wconf 86' lang='lat' dir='ltr'>amorem</span> <span class='ocrx_word' id='word_1_144' title='bbox 636 2337 698 2405; x_wconf 87' lang='lat' dir='ltr'>(vv.</span> <span class='ocrx_word' id='word_1_145' title='bbox 715 2333 756 2395; x_wconf 82' lang='grc'>49</span> <span class='ocrx_word' id='word_1_146' title='bbox 773 2334 831 2411; x_wconf 84' lang='lat' dir='ltr'>sq.)</span> <span class='ocrx_word' id='word_1_147' title='bbox 848 2329 975 2395; x_wconf 87' lang='lat' dir='ltr'>facilius</span> <span class='ocrx_word' id='word_1_148' title='bbox 997 2336 1173 2396; x_wconf 89' lang='lat' dir='ltr'>castrorum</span> <span class='ocrx_word' id='word_1_149' title='bbox 1194 2330 1338 2414; x_wconf 90' lang='lat' dir='ltr'>pericula</span> <span class='ocrx_word' id='word_1_150' title='bbox 1354 2330 1430 2394; x_wconf 87' lang='lat' dir='ltr'>tole·</span> 
     </span>
     <span class='ocr_line' id='line_1_19' title="bbox 318 2434 1431 2520; baseline -0.001 -20"><span class='ocrx_word' id='word_1_151' title='bbox 318 2441 460 2500; x_wconf 89' lang='lat' dir='ltr'>raturam</span> <span class='ocrx_word' id='word_1_152' title='bbox 482 2456 563 2520; x_wconf 87' lang='lat' dir='ltr'>esse,</span> <span class='ocrx_word' id='word_1_153' title='bbox 586 2435 628 2501; x_wconf 89' lang='lat' dir='ltr'>ad</span> <span class='ocrx_word' id='word_1_154' title='bbox 651 2435 738 2501; x_wconf 86' lang='lat' dir='ltr'>bella</span> <span class='ocrx_word' id='word_1_155' title='bbox 760 2435 849 2500; x_wconf 92' lang='lat' dir='ltr'>illum</span> <span class='ocrx_word' id='word_1_156' title='bbox 873 2442 1024 2520; x_wconf 87' lang='lat' dir='ltr'>secutam,</span> <span class='ocrx_word' id='word_1_157' title='bbox 1047 2437 1176 2503; x_wconf 88' lang='lat' dir='ltr'>disertis</span> <span class='ocrx_word' id='word_1_158' title='bbox 1200 2436 1309 2503; x_wconf 87' lang='lat' dir='ltr'>verbis</span> <span class='ocrx_word' id='word_1_159' title='bbox 1333 2434 1431 2500; x_wconf 88' lang='lat' dir='ltr'>addit.</span> 
     </span>
     <span class='ocr_line' id='line_1_20' title="bbox 319 2542 1432 2626; baseline 0 -20"><span class='ocrx_word' id='word_1_160' title='bbox 319 2543 428 2624; x_wconf 87' lang='lat' dir='ltr'>itaque</span> <span class='ocrx_word' id='word_1_161' title='bbox 460 2547 531 2624; x_wconf 90' lang='lat' dir='ltr'>post</span> <span class='ocrx_word' id='word_1_162' title='bbox 561 2563 590 2606; x_wconf 88' lang='lat' dir='ltr'>v.</span> <span class='ocrx_word' id='word_1_163' title='bbox 615 2548 655 2606; x_wconf 84' lang='grc'>50</span> <span class='ocrx_word' id='word_1_164' title='bbox 681 2542 808 2608; x_wconf 91' lang='lat' dir='ltr'>omissis</span> <span class='ocrx_word' id='word_1_165' title='bbox 833 2543 954 2626; x_wconf 91' lang='lat' dir='ltr'>aliquot</span> <span class='ocrx_word' id='word_1_166' title='bbox 977 2545 1125 2610; x_wconf 88' lang='lat' dir='ltr'>versibus</span> <span class='ocrx_word' id='word_1_167' title='bbox 1149 2542 1210 2609; x_wconf 93' lang='lat' dir='ltr'>hoc</span> <span class='ocrx_word' id='word_1_168' title='bbox 1234 2542 1432 2608; x_wconf 89' lang='lat' dir='ltr'>enuntiatum</span> 
     </span>
     <span class='ocr_line' id='line_1_21' title="bbox 318 2647 1431 2732; baseline 0 -20"><span class='ocrx_word' id='word_1_169' title='bbox 318 2647 467 2714; x_wconf 92' lang='lat' dir='ltr'>haustum</span> <span class='ocrx_word' id='word_1_170' title='bbox 492 2654 549 2714; x_wconf 89' lang='lat' dir='ltr'>cst.</span> <span class='ocrx_word' id='word_1_171' title='bbox 595 2654 627 2714; x_wconf 89' lang='lat' dir='ltr'>et</span> <span class='ocrx_word' id='word_1_172' title='bbox 650 2647 732 2714; x_wconf 86' lang='lat' dir='ltr'>hacc</span> <span class='ocrx_word' id='word_1_173' title='bbox 754 2648 885 2732; x_wconf 89' lang='lat' dir='ltr'>quidem</span> <span class='ocrx_word' id='word_1_174' title='bbox 900 2650 1053 2716; x_wconf 87' lang='lat' dir='ltr'>hactenus</span> <span class='ocrx_word' id='word_1_175' title='bbox 1076 2650 1118 2717; x_wconf 91' lang='lat' dir='ltr'>de</span> <span class='ocrx_word' id='word_1_176' title='bbox 1141 2672 1193 2717; x_wconf 88' lang='lat' dir='ltr'>vv.</span> <span class='ocrx_word' id='word_1_177' title='bbox 1217 2654 1258 2714; x_wconf 86' lang='grc'>49</span> <span class='ocrx_word' id='word_1_178' title='bbox 1276 2669 1344 2732; x_wconf 88' lang='lat' dir='ltr'>sqq.</span> <span class='ocrx_word' id='word_1_179' title='bbox 1361 2667 1431 2714; x_wconf 90' lang='lat' dir='ltr'>sen-</span> 
     </span>
     <span class='ocr_line' id='line_1_22' title="bbox 319 2753 1432 2838; baseline -0.002 -19"><span class='ocrx_word' id='word_1_180' title='bbox 319 2754 428 2819; x_wconf 89' lang='lat' dir='ltr'>tentiis</span> <span class='ocrx_word' id='word_1_181' title='bbox 452 2753 628 2838; x_wconf 82' lang='lat' dir='ltr'>explendis.</span> <span class='ocrx_word' id='word_1_182' title='bbox 675 2755 755 2838; x_wconf 85' lang='lat' dir='ltr'>quid</span> <span class='ocrx_word' id='word_1_183' title='bbox 775 2755 878 2823; x_wconf 84' lang='lat' dir='ltr'>vero?</span> <span class='ocrx_word' id='word_1_184' title='bbox 908 2777 984 2821; x_wconf 91' lang='lat' dir='ltr'>num</span> <span class='ocrx_word' id='word_1_185' title='bbox 1015 2758 1067 2824; x_wconf 87' lang='lat' dir='ltr'>vel</span> <span class='ocrx_word' id='word_1_186' title='bbox 1095 2757 1250 2822; x_wconf 89' lang='lat' dir='ltr'>restitutis</span> <span class='ocrx_word' id='word_1_187' title='bbox 1275 2753 1432 2822; x_wconf 89' lang='lat' dir='ltr'>eiusmodi</span> 
     </span>
     <span class='ocr_line' id='line_1_23' title="bbox 319 2860 1432 2947; baseline -0.004 -19"><span class='ocrx_word' id='word_1_188' title='bbox 319 2861 465 2928; x_wconf 88' lang='lat' dir='ltr'>versibus</span> <span class='ocrx_word' id='word_1_189' title='bbox 489 2883 539 2927; x_wconf 89' lang='lat' dir='ltr'>vv.</span> <span class='ocrx_word' id='word_1_190' title='bbox 556 2865 701 2926; x_wconf 85' lang='grc'>43-50</span> <span class='ocrx_word' id='word_1_191' title='bbox 726 2860 809 2928; x_wconf 91' lang='lat' dir='ltr'>hanc</span> <span class='ocrx_word' id='word_1_192' title='bbox 832 2862 943 2928; x_wconf 87' lang='lat' dir='ltr'>sedem</span> <span class='ocrx_word' id='word_1_193' title='bbox 959 2863 1103 2930; x_wconf 89' lang='lat' dir='ltr'>obtinere</span> <span class='ocrx_word' id='word_1_194' title='bbox 1119 2861 1278 2947; x_wconf 77' lang='lat' dir='ltr'>possunt?</span> <span class='ocrx_word' id='word_1_195' title='bbox 1309 2862 1432 2927; x_wconf 84' lang='lat' dir='ltr'>tristem</span> 
     </span>
     <span class='ocr_line' id='line_1_24' title="bbox 319 2966 1432 3054; baseline -0.001 -22"><span class='ocrx_word' id='word_1_196' title='bbox 319 2988 411 3032; x_wconf 91' lang='lat' dir='ltr'>suam</span> <span class='ocrx_word' id='word_1_197' title='bbox 434 2968 468 3031; x_wconf 91' lang='lat' dir='ltr'>in</span> <span class='ocrx_word' id='word_1_198' title='bbox 491 2966 627 3033; x_wconf 88' lang='lat' dir='ltr'>desertis</span> <span class='ocrx_word' id='word_1_199' title='bbox 651 2967 787 3035; x_wconf 88' lang='lat' dir='ltr'>aedibus</span> <span class='ocrx_word' id='word_1_200' title='bbox 811 2989 883 3034; x_wconf 92' lang='lat' dir='ltr'>cum</span> <span class='ocrx_word' id='word_1_201' title='bbox 902 2971 1013 3054; x_wconf 89' lang='lat' dir='ltr'>paucis</span> <span class='ocrx_word' id='word_1_202' title='bbox 1035 2971 1202 3035; x_wconf 89' lang='lat' dir='ltr'>comitibus</span> <span class='ocrx_word' id='word_1_203' title='bbox 1218 2969 1358 3033; x_wconf 86' lang='lat' dir='ltr'>maxime</span> <span class='ocrx_word' id='word_1_204' title='bbox 1374 2987 1432 3050; x_wconf 85' lang='lat' dir='ltr'>per</span> 
     </span>
     <span class='ocr_line' id='line_1_25' title="bbox 319 3073 1431 3159; baseline 0 -22"><span class='ocrx_word' id='word_1_205' title='bbox 319 3079 428 3139; x_wconf 91' lang='lat' dir='ltr'>noctes</span> <span class='ocrx_word' id='word_1_206' title='bbox 444 3073 543 3139; x_wconf 90' lang='lat' dir='ltr'>vitam</span> <span class='ocrx_word' id='word_1_207' title='bbox 560 3095 610 3138; x_wconf 84' lang='lat' dir='ltr'>vr.</span> <span class='ocrx_word' id='word_1_208' title='bbox 628 3079 668 3140; x_wconf 80' lang='lat'>29</span> <span class='ocrx_word' id='word_1_209' title='bbox 680 3079 771 3138; x_wconf 82' lang='lat'>-42</span> <span class='ocrx_word' id='word_1_210' title='bbox 789 3074 941 3142; x_wconf 90' lang='lat' dir='ltr'>describit</span> <span class='ocrx_word' id='word_1_211' title='bbox 956 3076 1133 3159; x_wconf 89' lang='lat' dir='ltr'>Arethusa;</span> <span class='ocrx_word' id='word_1_212' title='bbox 1160 3076 1361 3141; x_wconf 87' lang='lat' dir='ltr'>continuatur</span> <span class='ocrx_word' id='word_1_213' title='bbox 1377 3094 1431 3138; x_wconf 95' lang='lat' dir='ltr'>au-</span> 
     </span>
     <span class='ocr_line' id='line_1_26' title="bbox 320 3177 1432 3265; baseline -0.001 -22"><span class='ocrx_word' id='word_1_214' title='bbox 320 3185 383 3244; x_wconf 87' lang='lat' dir='ltr'>tom</span> <span class='ocrx_word' id='word_1_215' title='bbox 399 3177 513 3244; x_wconf 91' lang='lat' dir='ltr'>harum</span> <span class='ocrx_word' id='word_1_216' title='bbox 530 3199 636 3244; x_wconf 91' lang='lat' dir='ltr'>rerum</span> <span class='ocrx_word' id='word_1_217' title='bbox 654 3180 814 3246; x_wconf 83' lang='lat' dir='ltr'>enarratio</span> <span class='ocrx_word' id='word_1_218' title='bbox 830 3203 881 3248; x_wconf 87' lang='lat' dir='ltr'>vv.</span> <span class='ocrx_word' id='word_1_219' title='bbox 898 3187 936 3246; x_wconf 90' lang='grc'>51</span> <span class='ocrx_word' id='word_1_220' title='bbox 957 3203 1025 3265; x_wconf 88' lang='lat' dir='ltr'>sqq.</span> <span class='ocrx_word' id='word_1_221' title='bbox 1065 3187 1098 3246; x_wconf 94' lang='lat' dir='ltr'>at</span> <span class='ocrx_word' id='word_1_222' title='bbox 1113 3183 1262 3248; x_wconf 87' lang='lat' dir='ltr'>versibus</span> <span class='ocrx_word' id='word_1_223' title='bbox 1279 3181 1334 3263; x_wconf 93' lang='lat' dir='ltr'>qui</span> <span class='ocrx_word' id='word_1_224' title='bbox 1349 3180 1432 3243; x_wconf 90' lang='lat' dir='ltr'>inter</span> 
     </span>
     <span class='ocr_line' id='line_1_27' title="bbox 321 3279 1432 3372; baseline 0 -23"><span class='ocrx_word' id='word_1_225' title='bbox 321 3279 471 3367; x_wconf 84' lang='lat' dir='ltr'>utrosque</span> <span class='ocrx_word' id='word_1_226' title='bbox 487 3285 586 3351; x_wconf 86' lang='lat' dir='ltr'>medii</span> <span class='ocrx_word' id='word_1_227' title='bbox 610 3293 683 3351; x_wconf 90' lang='lat' dir='ltr'>sunt</span> <span class='ocrx_word' id='word_1_228' title='bbox 705 3293 794 3371; x_wconf 90' lang='lat' dir='ltr'>optat</span> <span class='ocrx_word' id='word_1_229' title='bbox 813 3289 930 3372; x_wconf 87' lang='lat' dir='ltr'>puella,</span> <span class='ocrx_word' id='word_1_230' title='bbox 953 3293 988 3351; x_wconf 95' lang='lat' dir='ltr'>ut</span> <span class='ocrx_word' id='word_1_231' title='bbox 1009 3289 1112 3353; x_wconf 90' lang='lat' dir='ltr'>altera</span> <span class='ocrx_word' id='word_1_232' title='bbox 1141 3288 1232 3370; x_wconf 89' lang='lat' dir='ltr'>quasi</span> <span class='ocrx_word' id='word_1_233' title='bbox 1256 3287 1432 3370; x_wconf 86' lang='lat' dir='ltr'>Hippolyte</span> 
     </span>
     <span class='ocr_line' id='line_1_28' title="bbox 320 3391 1431 3477; baseline -0.002 -21"><span class='ocrx_word' id='word_1_234' title='bbox 320 3391 472 3456; x_wconf 92' lang='lat' dir='ltr'>maritum</span> <span class='ocrx_word' id='word_1_235' title='bbox 495 3392 529 3455; x_wconf 90' lang='lat' dir='ltr'>in</span> <span class='ocrx_word' id='word_1_236' title='bbox 545 3391 630 3457; x_wconf 90' lang='lat' dir='ltr'>bella</span> <span class='ocrx_word' id='word_1_237' title='bbox 646 3393 793 3458; x_wconf 88' lang='lat' dir='ltr'>comitari</span> <span class='ocrx_word' id='word_1_238' title='bbox 817 3395 919 3477; x_wconf 87' lang='lat' dir='ltr'>possit</span> <span class='ocrx_word' id='word_1_239' title='bbox 943 3414 1076 3477; x_wconf 92' lang='lat' dir='ltr'>quorum</span> <span class='ocrx_word' id='word_1_240' title='bbox 1092 3395 1220 3460; x_wconf 90' lang='lat' dir='ltr'>labores</span> <span class='ocrx_word' id='word_1_241' title='bbox 1236 3412 1345 3458; x_wconf 90' lang='lat' dir='ltr'>amore</span> <span class='ocrx_word' id='word_1_242' title='bbox 1370 3391 1431 3456; x_wconf 89' lang='lat' dir='ltr'>sibi</span> 
     </span>
     <span class='ocr_line' id='line_1_29' title="bbox 322 3497 1432 3583; baseline 0.001 -21"><span class='ocrx_word' id='word_1_243' title='bbox 322 3498 481 3563; x_wconf 91' lang='lat' dir='ltr'>dulciores</span> <span class='ocrx_word' id='word_1_244' title='bbox 505 3497 575 3563; x_wconf 89' lang='lat' dir='ltr'>fieri</span> <span class='ocrx_word' id='word_1_245' title='bbox 598 3499 688 3564; x_wconf 89' lang='lat' dir='ltr'>sciat.</span> <span class='ocrx_word' id='word_1_246' title='bbox 733 3499 766 3563; x_wconf 93' lang='lat' dir='ltr'>hi</span> <span class='ocrx_word' id='word_1_247' title='bbox 799 3501 898 3583; x_wconf 83' lang='lat' dir='ltr'>igitur</span> <span class='ocrx_word' id='word_1_248' title='bbox 925 3499 1006 3564; x_wconf 90' lang='lat' dir='ltr'>nihil</span> <span class='ocrx_word' id='word_1_249' title='bbox 1029 3501 1089 3564; x_wconf 90' lang='lat' dir='ltr'>huc</span> <span class='ocrx_word' id='word_1_250' title='bbox 1122 3500 1289 3583; x_wconf 86' lang='lat' dir='ltr'>pertinent.</span> <span class='ocrx_word' id='word_1_251' title='bbox 1327 3517 1432 3580; x_wconf 89' lang='lat' dir='ltr'>neque</span> 
     </span>
     <span class='ocr_line' id='line_1_30' title="bbox 321 3603 1432 3672; baseline -0.002 -2"><span class='ocrx_word' id='word_1_252' title='bbox 321 3625 397 3670; x_wconf 86' lang='lat' dir='ltr'>vero</span> <span class='ocrx_word' id='word_1_253' title='bbox 413 3603 494 3669; x_wconf 90' lang='lat' dir='ltr'>haec</span> <span class='ocrx_word' id='word_1_254' title='bbox 517 3605 750 3672; x_wconf 89' lang='lat' dir='ltr'>inconcinnitas</span> <span class='ocrx_word' id='word_1_255' title='bbox 765 3606 886 3672; x_wconf 90' lang='lat' dir='ltr'>tollitur</span> <span class='ocrx_word' id='word_1_256' title='bbox 902 3627 951 3670; x_wconf 90' lang='lat' dir='ltr'>vv.</span> <span class='ocrx_word' id='word_1_257' title='bbox 969 3612 1010 3671; x_wconf 86' lang='grc'>50</span> <span class='ocrx_word' id='word_1_258' title='bbox 1022 3644 1061 3652; x_wconf 89' lang='lat'>-</span> <span class='ocrx_word' id='word_1_259' title='bbox 1073 3610 1113 3670; x_wconf 88' lang='grc'>56</span> <span class='ocrx_word' id='word_1_260' title='bbox 1138 3611 1211 3670; x_wconf 86' lang='lat' dir='ltr'>anto</span> <span class='ocrx_word' id='word_1_261' title='bbox 1228 3627 1256 3669; x_wconf 91' lang='lat' dir='ltr'>v.</span> <span class='ocrx_word' id='word_1_262' title='bbox 1273 3610 1314 3668; x_wconf 84' lang='grc'>43</span> <span class='ocrx_word' id='word_1_263' title='bbox 1331 3611 1432 3669; x_wconf 86' lang='lat' dir='ltr'>trans-</span> 
     </span>
     <span class='ocr_line' id='line_1_31' title="bbox 321 3709 1432 3795; baseline -0.001 -21"><span class='ocrx_word' id='word_1_264' title='bbox 321 3711 403 3795; x_wconf 85' lang='lat' dir='ltr'>latis,</span> <span class='ocrx_word' id='word_1_265' title='bbox 420 3709 572 3793; x_wconf 88' lang='lat' dir='ltr'>quoniam</span> <span class='ocrx_word' id='word_1_266' title='bbox 588 3731 628 3776; x_wconf 93' lang='lat' dir='ltr'>ne</span> <span class='ocrx_word' id='word_1_267' title='bbox 644 3733 694 3776; x_wconf 86' lang='lat' dir='ltr'>vv.</span> <span class='ocrx_word' id='word_1_268' title='bbox 705 3719 744 3776; x_wconf 82' lang='lat'>57</span> <span class='ocrx_word' id='word_1_269' title='bbox 760 3733 828 3794; x_wconf 88' lang='lat' dir='ltr'>sqq.</span> <span class='ocrx_word' id='word_1_270' title='bbox 845 3711 976 3794; x_wconf 86' lang='lat' dir='ltr'>quidem</span> <span class='ocrx_word' id='word_1_271' title='bbox 992 3711 1032 3776; x_wconf 96' lang='lat' dir='ltr'>ab</span> <span class='ocrx_word' id='word_1_272' title='bbox 1049 3712 1114 3776; x_wconf 89' lang='lat' dir='ltr'>illis</span> <span class='ocrx_word' id='word_1_273' title='bbox 1131 3711 1276 3794; x_wconf 87' lang='lat' dir='ltr'>separari</span> <span class='ocrx_word' id='word_1_274' title='bbox 1291 3714 1432 3794; x_wconf 89' lang='lat' dir='ltr'>possunt.</span> 
     </span>
     <span class='ocr_line' id='line_1_32' title="bbox 320 3817 1432 3901; baseline -0.004 -17"><span class='ocrx_word' id='word_1_275' title='bbox 320 3817 378 3884; x_wconf 90' lang='lat' dir='ltr'>sed</span> <span class='ocrx_word' id='word_1_276' title='bbox 394 3818 596 3884; x_wconf 88' lang='lat' dir='ltr'>coniunctum</span> <span class='ocrx_word' id='word_1_277' title='bbox 614 3824 663 3884; x_wconf 90' lang='lat' dir='ltr'>est</span> <span class='ocrx_word' id='word_1_278' title='bbox 678 3817 759 3883; x_wconf 94' lang='lat' dir='ltr'>illud</span> <span class='ocrx_word' id='word_1_279' title='bbox 767 3825 875 3883; x_wconf 87' lang='lat' dir='ltr'>votum</span> <span class='ocrx_word' id='word_1_280' title='bbox 893 3839 990 3901; x_wconf 92' lang='lat' dir='ltr'>quam</span> <span class='ocrx_word' id='word_1_281' title='bbox 1007 3817 1188 3883; x_wconf 88' lang='lat' dir='ltr'>arctissime</span> <span class='ocrx_word' id='word_1_282' title='bbox 1204 3838 1275 3881; x_wconf 91' lang='lat' dir='ltr'>cum</span> <span class='ocrx_word' id='word_1_283' title='bbox 1292 3817 1340 3881; x_wconf 91' lang='lat' dir='ltr'>eis</span> <span class='ocrx_word' id='word_1_284' title='bbox 1357 3835 1432 3897; x_wconf 88' lang='lat' dir='ltr'>que-</span> 
     </span>
     <span class='ocr_line' id='line_1_33' title="bbox 320 3919 1432 4006; baseline -0.004 -19"><span class='ocrx_word' id='word_1_285' title='bbox 320 3924 410 3989; x_wconf 86' lang='lat' dir='ltr'>rellis</span> <span class='ocrx_word' id='word_1_286' title='bbox 433 3943 514 4006; x_wconf 90' lang='lat' dir='ltr'>quas</span> <span class='ocrx_word' id='word_1_287' title='bbox 538 3923 579 3990; x_wconf 92' lang='lat' dir='ltr'>de</span> <span class='ocrx_word' id='word_1_288' title='bbox 602 3924 709 3989; x_wconf 90' lang='lat' dir='ltr'>mariti</span> <span class='ocrx_word' id='word_1_289' title='bbox 734 3924 883 3989; x_wconf 87' lang='lat' dir='ltr'>absentia</span> <span class='ocrx_word' id='word_1_290' title='bbox 899 3924 1037 4006; x_wconf 81' lang='lat' dir='ltr'>legimus</span> <span class='ocrx_word' id='word_1_291' title='bbox 1061 3944 1110 3988; x_wconf 91' lang='lat' dir='ltr'>vv.</span> <span class='ocrx_word' id='word_1_292' title='bbox 1135 3928 1153 3986; x_wconf 87' lang='lat'><strong>7</strong></span> <span class='ocrx_word' id='word_1_293' title='bbox 1173 3961 1215 3969; x_wconf 86' lang='lat'>——</span> <span class='ocrx_word' id='word_1_294' title='bbox 1231 3927 1282 3987; x_wconf 81' lang='lat'>29.</span> <span class='ocrx_word' id='word_1_295' title='bbox 1329 3919 1432 4003; x_wconf 80' lang='lat' dir='ltr'>quid?</span> 
     </span>
     <span class='ocr_line' id='line_1_34' title="bbox 322 4027 1432 4114; baseline -0.002 -20"><span class='ocrx_word' id='word_1_296' title='bbox 322 4029 408 4113; x_wconf 92' lang='lat' dir='ltr'>quod</span> <span class='ocrx_word' id='word_1_297' title='bbox 422 4053 451 4095; x_wconf 87' lang='lat' dir='ltr'>v.</span> <span class='ocrx_word' id='word_1_298' title='bbox 461 4035 501 4096; x_wconf 81' lang='lat'>29</span> <span class='ocrx_word' id='word_1_299' title='bbox 515 4031 567 4095; x_wconf 90' lang='lat' dir='ltr'>oui</span> <span class='ocrx_word' id='word_1_300' title='bbox 582 4028 715 4095; x_wconf 90' lang='lat' dir='ltr'>tandem</span> <span class='ocrx_word' id='word_1_301' title='bbox 730 4041 762 4095; x_wconf 79' lang='lat' dir='ltr'>or</span> <span class='ocrx_word' id='word_1_302' title='bbox 776 4038 847 4095; x_wconf 77' lang='lat' dir='ltr'>mini</span> <span class='ocrx_word' id='word_1_303' title='bbox 861 4031 969 4096; x_wconf 88' lang='lat' dir='ltr'>vorbis</span> <span class='ocrx_word' id='word_1_304' title='bbox 985 4034 1165 4114; x_wconf 89' lang='lat' dir='ltr'>opponatur</span> <span class='ocrx_word' id='word_1_305' title='bbox 1173 4027 1334 4095; x_wconf 88' lang='lat' dir='ltr'>Arethusa</span> <span class='ocrx_word' id='word_1_306' title='bbox 1349 4047 1432 4092; x_wconf 90' lang='lat' dir='ltr'>nuno</span> 
     </span>
     <span class='ocr_line' id='line_1_35' title="bbox 320 4133 1432 4220; baseline -0.002 -19"><span class='ocrx_word' id='word_1_307' title='bbox 320 4158 383 4202; x_wconf 89' lang='lat' dir='ltr'>non</span> <span class='ocrx_word' id='word_1_308' title='bbox 398 4137 599 4220; x_wconf 88' lang='lat' dir='ltr'>perspicitur.</span> <span class='ocrx_word' id='word_1_309' title='bbox 645 4135 735 4218; x_wconf 92' lang='lat' dir='ltr'>atqui</span> <span class='ocrx_word' id='word_1_310' title='bbox 755 4156 849 4201; x_wconf 88' lang='lat' dir='ltr'>nemo</span> <span class='ocrx_word' id='word_1_311' title='bbox 870 4157 933 4200; x_wconf 91' lang='lat' dir='ltr'>non</span> <span class='ocrx_word' id='word_1_312' title='bbox 954 4137 1050 4202; x_wconf 88' lang='lat' dir='ltr'>sentit</span> <span class='ocrx_word' id='word_1_313' title='bbox 1065 4136 1245 4202; x_wconf 86' lang='lat' dir='ltr'>Arethusae</span> <span class='ocrx_word' id='word_1_314' title='bbox 1270 4154 1353 4218; x_wconf 90' lang='lat' dir='ltr'>quae</span> <span class='ocrx_word' id='word_1_315' title='bbox 1379 4133 1432 4199; x_wconf 89' lang='lat' dir='ltr'>de-</span> 
     </span>
     <span class='ocr_line' id='line_1_36' title="bbox 321 4241 1431 4327; baseline -0.005 -17"><span class='ocrx_word' id='word_1_316' title='bbox 321 4251 441 4311; x_wconf 90' lang='lat' dir='ltr'>sertum</span> <span class='ocrx_word' id='word_1_317' title='bbox 458 4241 633 4307; x_wconf 90' lang='lat' dir='ltr'>thalamum</span> <span class='ocrx_word' id='word_1_318' title='bbox 658 4241 803 4327; x_wconf 89' lang='lat' dir='ltr'>deploret</span> <span class='ocrx_word' id='word_1_319' title='bbox 826 4249 886 4323; x_wconf 81' lang='lat' dir='ltr'>(vv.</span> <span class='ocrx_word' id='word_1_320' title='bbox 905 4247 945 4309; x_wconf 80' lang='lat'>29</span> <span class='ocrx_word' id='word_1_321' title='bbox 970 4247 1051 4325; x_wconf 87' lang='lat' dir='ltr'>sqq.)</span> <span class='ocrx_word' id='word_1_322' title='bbox 1077 4241 1215 4307; x_wconf 89' lang='lat' dir='ltr'>eandem</span> <span class='ocrx_word' id='word_1_323' title='bbox 1239 4241 1431 4307; x_wconf 85' lang='lat' dir='ltr'>contrariam</span> 
     </span>
     <span class='ocr_line' id='line_1_37' title="bbox 322 4347 1432 4435; baseline -0.008 -18"><span class='ocrx_word' id='word_1_324' title='bbox 322 4371 402 4435; x_wconf 87' lang='lat' dir='ltr'>esse,</span> <span class='ocrx_word' id='word_1_325' title='bbox 418 4352 446 4417; x_wconf 90' lang='lat' dir='ltr'>si</span> <span class='ocrx_word' id='word_1_326' title='bbox 464 4349 632 4433; x_wconf 82' lang='lat' dir='ltr'>coniugem</span> <span class='ocrx_word' id='word_1_327' title='bbox 649 4347 805 4415; x_wconf 89' lang='lat' dir='ltr'>adversus</span> <span class='ocrx_word' id='word_1_328' title='bbox 813 4349 948 4415; x_wconf 87' lang='lat' dir='ltr'>Parthos</span> <span class='ocrx_word' id='word_1_329' title='bbox 965 4355 1073 4415; x_wconf 87' lang='lat' dir='ltr'>secuta</span> <span class='ocrx_word' id='word_1_330' title='bbox 1089 4349 1331 4428; x_wconf 68' lang='lat' dir='ltr'>relaturorum</span> <span class='ocrx_word' id='word_1_331' title='bbox 1342 4352 1432 4429; x_wconf 82' lang='lat' dir='ltr'>sqq).</span> 
     </span>
    </p>
   </div>
   <div class='ocr_carea' id='block_1_3' title="bbox 0 0 1641 5168">
    <p class='ocr_par' dir='ltr' id='par_1_3' title="bbox 0 0 1641 5168">
     <span class='ocr_line' id='line_1_38' title="bbox 0 0 1641 5168; baseline 0 0"><span class='ocrx_word' id='word_1_332' title='bbox 0 0 1641 5168; x_wconf 95' lang='lat' dir='ltr'> </span> 
     </span>
    </p>
   </div>
  </div>
 </body>
</html>
