3226 5162
845 433 887 494 54

311 613 427 693 carcat,
451 606 560 690 quidni
584 607 729 671 conicere
752 606 848 671 liceat
867 605 932 669 ianr
956 611 1053 671 antea
1075 604 1228 689 scriptum
1254 612 1286 672 61
1310 605 1336 671 si
1360 625 1424 670 non

312 715 458 781 omnibus
474 719 589 798 poetae
611 711 796 796 fautoribus,
812 718 846 775 at
869 717 954 776 certe
971 711 1064 776 Tullo
1089 711 1139 775 cui
1161 711 1351 797 inscriptum
1376 718 1425 777 cst

312 820 449 902 aliisque
466 820 577 885 amicis
593 818 745 884 traditum
762 816 860 884 esse?
891 815 993 899 quid?
1025 816 1110 900 quod
1119 819 1171 884 vel
1187 818 1369 883 coniectura
1385 837 1425 883 ex

311 925 372 991 hac
387 946 422 991 re
438 925 506 990 fieri
524 932 631 1009 potest
647 945 719 990 eum
742 924 795 1007 qui
811 922 952 988 nondum
969 922 1054 990 edito
1070 924 1150 988 libro
1167 923 1312 1007 primo*)
1329 942 1424 988 earm.

311 1033 335 1117 I,
352 1036 392 1096 22
410 1038 517 1096 utatur
539 1031 572 1094 in
588 1051 684 1095 carm.
701 1031 738 1115 V,
763 1039 799 1095 16
820 1029 926 1114 ipsum
952 1049 1024 1096 6666
1041 1031 1178 1094 Tullum.
1225 1049 1320 1111 quem
1336 1029 1425 1094 iuve-

311 1159 385 1204 nem
402 1136 608 1221 etPropertio
625 1135 909 1202 familiarissimum
924 1135 1023 1202 fuisse
1039 1143 1163 1202 constat
1172 1140 1302 1221 praeter
1318 1141 1426 1200 cetera

312 1263 330 1308 6
346 1245 369 1327 Ι,
387 1248 416 1327 6,
435 1249 449 1307 1
469 1261 555 1325 666.·,
584 1248 622 1308 19
639 1263 724 1326 666.;
747 1247 798 1328 22,
815 1247 843 1307 2.
888 1242 916 1308 is
940 1248 1048 1306 autem
1072 1242 1099 1307 si
1115 1241 1318 1326 Propertium
1334 1261 1426 1308 revo-

312 1349 397 1414 cavit
420 1369 440 1413 6
457 1348 615 1433 Cynthiae
639 1370 757 1434 amore,
781 1349 875 1414 facile
891 1349 1071 1434 explicatur
1094 1369 1150 1413 cur
1169 1347 1327 1414 adversus
1343 1347 1426 1413 hunc

313 1475 385 1520 eum
402 1453 553 1520 defendat
569 1461 665 1539 poeta
680 1457 704 1540 I,
725 1461 771 1520 14.
803 1454 880 1538 qnid
895 1454 998 1520 vero?
1014 1474 1111 1519 carm.
1119 1455 1143 1538 I,
1162 1461 1189 1538 1,
1204 1453 1425 1539 quodpulsum

312 1580 332 1624 a
363 1559 501 1645 Cynthia
531 1567 659 1644 poetam
691 1561 860 1643 scripsisse
889 1559 1111 1625 Lachmannus
1148 1558 1223 1624 edit.
1247 1561 1425 1645 Lipsiensis

312 1665 414 1751 praef.
431 1687 484 1752 pp.
501 1666 614 1731 XXIII
629 1688 675 1750 66.
692 1668 850 1752 probavit,
874 1667 959 1732 illins
983 1665 1127 1732 vaticinii
1150 1685 1273 1731 memor
1296 1665 1424 1732 disertis

312 1771 380 1837 iere
396 1772 504 1838 verbis
521 1771 564 1836 ad
580 1793 675 1838 carm.
692 1774 729 1857 V,
748 1779 785 1838 16
800 1773 963 1857 respicere
979 1771 1115 1837 videtur.
1146 1791 1221 1836 nam
1238 1771 1262 1855 Ι,
1282 1777 1294 1835 1
1315 1793 1343 1836 v.
1360 1774 1419 1835 25:

500 1890 552 1942 out
567 1901 625 1963 uos,
642 1886 691 1959 qai
704 1901 770 1944 acro
786 1887 901 1958 lepram
915 1885 1069 1953 revocatis,
1085 1883 1173 1941 amici
1188 1914 1232 1924 -

312 1980 354 2048 ad
377 1983 477 2048 nostri
501 1985 650 2049 carminis
673 1990 836 2050 auctorem
859 2005 963 2050 nonne
986 2004 1083 2065 quam
1104 1983 1244 2048 maxime
1260 1981 1425 2067 pertinet?

312 2089 402 2170 atqui
418 2089 474 2153 illa
490 2109 616 2171 quoque
632 2090 739 2172 elegia
755 2089 796 2154 ad
806 2091 933 2154 Tullum
943 2091 1041 2156 missa
1058 2096 1107 2156 661
1123 2089 1279 2169 (cf1·.v.9).
1310 2088 1425 2170 quibus

311 2195 408 2260 rebus
425 2196 571 2277 quamvis
587 2197 627 2260 cb
644 2195 704 2260 hoc
719 2196 789 2280 ipso
805 2194 849 2280 id,
870 2195 910 2262 de
928 2217 989 2278 quo
1006 2196 1159 2280 dicamus,
1180 2214 1309 2261 carmen
1325 2194 1424 2278 scrip-

312 2308 378 2365 tum
403 2321 475 2367 esse
498 2323 556 2386 pro
580 2309 666 2368 certo
690 2323 754 2368 non
778 2303 952 2387 evincatur,
981 2303 1162 2385 assequitur
1187 2309 1295 2366 tamen
1316 2300 1425 2366 nescio

312 2428 410 2490 quam
426 2408 662 2492 probabilitatis
679 2409 820 2493 sp'eciem
837 2408 916 2474 haec
932 2409 1081 2495 suspicio,
1102 2415 1136 2472 ut
1159 2406 1331 2472 dolendum
1353 2427 1425 2492 pro-

312 2513 395 2578 fecto
419 2514 460 2579 sit
484 2513 569 2595 quod
585 2513 625 2578 de
642 2514 735 2577 Tullo
759 2513 838 2577 nihil
861 2513 929 2579 lere
950 2515 1028 2580 certi
1045 2519 1243 2598 compertum
1259 2513 1425 2578 habemus.

312 2617 371 2684 sed
393 2617 433 2684 de
457 2617 506 2684 his
530 2619 619 2684 satis.
664 2619 786 2684 amicus
813 2627 900 2685 certe
929 2620 1046 2702 aliquis
1070 2618 1239 2704 Propertio
1262 2617 1426 2703 inscripsit

312 2744 408 2790 earm.
425 2725 462 2810 V,
482 2732 526 2790 lc.

401 2831 470 2896 Iam
487 2831 654 2897 veniamus
671 2830 713 2895 ad
730 2830 912 2914 elegiam
930 2830 1132 2915 quintam,
1149 2833 1237 2898 cuins
1254 2850 1425 2916 argumen-

311 2943 378 3001 tum
395 2936 524 3019 quidem
543 2944 574 3002 et
590 2957 648 3022 per
662 2956 698 3002 66
712 2938 916 3022 perspicuum
930 2943 980 3002 est
996 2944 1028 3002 et
1042 2937 1219 3003 illustratur
1229 2938 1325 3003 etiam
1342 2957 1425 3002 com-

313 3051 426 3129 parato
443 3044 551 3110 Ovidii
568 3065 713 3109 amorum
730 3063 826 3108 carm.
843 3045 867 3127 Ι,
892 3048 920 3110 8.
952 3041 992 3109 de
1008 3044 1153 3112 eiusdem
1170 3050 1276 3110 antem
1293 3043 1425 3108 consilio

312 3149 438 3216 facilius
454 3149 606 3215 iudicium
623 3157 717 3234 esset,
735 3151 761 3216 si
770 3170 931 3233 quaenam
940 3157 1026 3216 esset
1038 3152 1095 3217 illa
1103 3153 1221 3236 puella,
1238 3172 1258 3216 a
1273 3171 1338 3233 666
1353 3169 1426 3214 666-
1527 3225 1531 3236 ,

312 3262 468 3341 temptum
485 3276 520 3323 66
537 3255 614 3320 dicit
630 3263 734 3342 poeta,
750 3257 828 3322 satis
846 3262 1013 3321 constaret.
1052 3263 1148 3338 61666
1165 3255 1206 3322 de
1223 3256 1361 3342 Cynthia
1375 3256 1427 3322 hie

312 3363 399 3443 loqui
415 3369 542 3446 poetam
560 3362 621 3428 sibi
637 3362 797 3446 persuasit
805 3363 1044 3445 Hertzbergius,
1061 3368 1095 3426 at
1110 3361 1242 3428 lufirmis
1259 3383 1311 3428 me
1319 3362 1425 3428 iudice

313 3468 427 3534 ductus
444 3469 650 3551 argumentis.
694 3489 769 3532 nam
787 3489 898 3534 versus
916 3489 934 3534 6
950 3490 1047 3534 carm.
1064 3471 1088 3553 l,
1109 3474 1127 3534 2
1145 3476 1219 3535 ante
1235 3492 1265 3535 v.
1282 3476 1323 3534 55
1341 3470 1425 3534 male

312 3575 478 3660 repetitos,
502 3576 618 3658 quibus
642 3574 831 3641 documento
856 3595 931 3641 usus
956 3581 1014 3658 est,
1045 3575 1208 3641 eiciendos
1231 3595 1303 3642 6666
1327 3597 1426 3660 supra

315 3681 502 3747 monuimus.
548 3679 665 3746 deinde
689 3679 775 3764 quod
798 3681 896 3745 aliam
916 3688 1012 3763 atque
1029 3680 1200 3766 Cynthiam
1222 3681 1425 3765 aPropertio

314 3807 405 3852 suaru
423 3787 559 3854 amicam
577 3787 643 3865 (cfr.
657 3809 686 3852 v.
696 3791 749 3865 61)
766 3786 926 3872 appellari
942 3795 1049 3872 neget,
1064 3787 1155 3852 nihili
1171 3807 1243 3852 esse
1260 3784 1426 3868 concedes,

314 3915 384 3958 cum
402 3901 618 3978 praeteream
633 3894 753 3958 nullam
770 3891 838 3958 tere
855 3900 1088 3958 commemoret.
1132 3899 1303 3979 praeterea
1319 3892 1424 3956 lenam

312 3999 509 4072 immundam
533 4009 564 4066 et
586 4019 763 4086 pauperem
786 4000 891 4065 cultae
914 4005 946 4066 61
968 3998 1078 4065 divitis
1110 4000 1239 4084 puellae
1263 3997 1436 4063 dominam*

385 4249 414 4316 *J
434 4248 488 4302 Otr.
509 4262 579 4315 quae
604 4248 695 4314 capite
717 4250 818 4314 quarto
844 4245 879 4300 de
897 4245 962 4300 libri
989 4246 1071 4313 primi
1095 4245 1164 4300 editi
1186 4251 1215 4300 et
1238 4259 1320 4300 carm.
1340 4247 1374 4314 V,
1395 4250 1426 4300 16

313 4337 411 4405 scripti
424 4335 598 4404 temporibus
612 4333 825 4403 disputavimus.
