3226 5162
709 459 748 520 81

329 639 429 698 cattos
444 639 529 698 baud
541 641 628 698 multo
643 639 738 698 miuus
753 645 795 696 cst
809 653 874 698 mum
890 639 1005 697 ducitur
1020 654 1133 698 cauus:

422 745 473 804 oia
487 745 604 804 memini
618 743 701 804 nobis
715 743 806 804 vobo
821 745 913 804 coisse
928 745 1034 804 decem.

329 855 436 912 cuncta
452 857 517 910 lucu
531 853 667 927 sepelivit
682 847 765 911 amo'r
779 867 835 910 acc
845 853 960 924 futtuo
969 855 1082 926 postte

422 959 484 1016 ullu
499 957 580 1016 dedit
595 959 671 1016 collo
687 957 786 1016 dultia
800 958 897 1016 uincla
912 973 983 1016 mco.

263 1057 322 1124 His
331 1058 534 1141 pertractatis
551 1057 616 1122 iam
633 1057 709 1123 licet
724 1057 906 1141 transgredi
923 1057 964 1122 ad
981 1057 1149 1123 alterum
1164 1057 1289 1122 locum

175 1164 353 1247 quierat
381 1163 429 1230 de
453 1164 718 1248 singulorum
741 1164 946 1230 librorum
971 1170 1007 1229 et
1030 1165 1288 1247 conscripto-

173 1269 540 1336 rumeteditorum
561 1276 755 1356 tempore.
794 1270 1045 1354 atqueeprimo
1062 1270 1143 1336 libro
1161 1289 1290 1335 carmen

174 1376 314 1460 primum
322 1396 380 1460 per
389 1374 561 1442 discidium
571 1376 656 1460 quod
669 1376 800 1461 saepius
815 1377 1064 1442 memoravimus
1080 1377 1290 1462 compositum

175 1503 248 1548 esse
273 1483 437 1567 perspexit
451 1481 677 1548 Lachmannus
698 1483 717 1546 Ι.
734 1483 754 1546 l.
776 1481 877 1567 praef.
900 1503 952 1568 pp.
967 1481 1079 1548 XXIII
1093 1504 1140 1566 sq.
1185 1502 1291 1566 neque

175 1590 244 1658 sine
260 1589 490 1673 probabilitate
513 1588 556 1654 ad
579 1589 666 1656 idem
689 1595 815 1673 tempus
835 1590 957 1654 rettulit
973 1589 1117 1655 eiusdem
1133 1590 1206 1655 libri
1223 1608 1291 1654 car-

174 1697 263 1760 mina
282 1700 330 1780 12,
343 1701 391 1780 13,
411 1694 783 1780 16‚17Esohenburgius
799 1695 959 1782 Lippus
973 1717 1020 1780 sq.
1036 1693 1110 1760 adn.
1140 1693 1291 1778 idemque

175 1803 322 1886 quamvis
338 1803 460 1868 incerta
482 1802 665 1868 coniectura
681 1821 777 1869 carm.
801 1803 861 1886 Ι,6
885 1821 913 1866 a.
931 1806 992 1866 721
1019 1807 1086 1882 (30)
1111 1801 1292 1886 adscripsit.

178 1907 284 1974 editus
300 1915 408 1974 autem
433 1915 482 1976 est
501 1915 586 1976 totus
608 1908 690 1974 liber
715 1929 777 1974 uno
801 1928 912 1975 meuse
936 1916 1108 1992 autequam
1132 1908 1291 1977 secundus

176 2015 274 2080 scribi
290 2021 421 2100 coeptus
438 2021 495 2100 est,
516 2021 646 2101 propter
661 2017 702 2100 ΙΙ,
724 2020 810 2082 211.
830 2021 856 2100 1,
872 2018 891 2079 2
910 2016 1041 2082 collatos
1058 2037 1131 2081 cum
1146 2017 1187 2100 ΙΙ,
1204 2020 1222 2080 3
1240 2037 1293 2081 vv.

179 2127 296 2204 1—43
325 2121 380 2186 cfr.
404 2121 629 2188 Lachmannus
651 2122 671 2186 Ι.
692 2122 712 2186 Ι.
728 2120 829 2208 praef.
852 2142 904 2206 pp.
919 2122 1030 2186 XXIV
1046 2143 1093 2206 sq.
1110 2128 1142 2188 et
1157 2122 1291 2186 XXVII.

176 2227 310 2294 secundi
328 2233 435 2293 autem
451 2228 526 2293 libri
542 2228 731 2312 compositio
751 2227 877 2292 initium
894 2228 979 2312 cepit
994 2235 1124 2312 propter
1141 2249 1237 2294 carm.
1252 2229 1293 2312 II,

180 2339 209 2418 7,
226 2333 312 2416 quod
328 2334 503 2400 amicitiam
518 2335 772 2418 redIntegratam
788 2340 899 2420 aperte
909 2353 988 2418 prae
1004 2355 1039 2400 se
1055 2333 1126 2420 fert,
1141 2341 1214 2420 post
1229 2334 1292 2399 dis-

178 2439 296 2504 cidium
312 2438 401 2525 illud,
427 2440 468 2506 de
493 2461 555 2524 quo
571 2440 667 2506 locuti
683 2462 803 2526 sumus,
825 2441 936 2525 itaque
960 2460 988 2505 a.
1006 2445 1067 2506 727
1093 2446 1161 2524 (29)
1177 2440 1293 2508 medio.

179 2565 317 2629 quacum
341 2547 465 2612 ratione
489 2548 635 2631 congruit
658 2546 745 2630 quod
760 2547 1021 2631 Eschenburgius
1036 2547 1056 2610 l.
1077 2547 1097 2610 l.
1112 2569 1165 2632 pp.
1186 2552 1223 2612 91
1245 2567 1292 2628 sq.

179 2653 246 2717 alia
269 2652 512 2720 ratiocinatione
537 2655 683 2737 quamvis
706 2659 850 2719 nontam
866 2652 959 2718 firma
975 2673 1071 2718 carm.
1087 2654 1127 2737 ΙΙ,
1144 2658 1161 2717 7
1180 2652 1294 2718 eodem

179 2765 324 2843 tempore
341 2760 553 2842 conscriptum
573 2780 645 2826 esse
661 2760 792 2826 invenit
838 2779 915 2843 ergo
940 2759 1022 2825 liber
1041 2759 1163 2845 primus
1186 2758 1293 2824 medio

180 2864 248 2931 fere
271 2887 298 2930 a.
326 2870 387 2931 727
414 2870 481 2946 (27)
513 2866 546 2930 in
574 2866 737 2951 publicum
766 2867 903 2932 emissus
927 2873 984 2932 est.
1038 2866 1097 2933 scd
1119 2864 1293 2932 secundum

179 2971 296 3036 librum
321 2991 384 3036 una
407 2992 479 3038 cum
502 2972 597 3038 tertio
617 2973 738 3057 publici
757 2973 838 3038 iuris
855 2970 975 3037 lactum
992 2991 1064 3038 osse
1081 2977 1232 3038 accurata
1247 2971 1293 3034 in-

179 3079 408 3163 terpretatione
425 3098 443 3144 e
461 3098 556 3144 carm.
579 3079 636 3163 ΙΠ,
659 3082 700 3142 24
719 3100 769 3145 vv.
789 3085 815 3162 1,
839 3082 858 3142 2
875 3077 1099 3146 Lachmannus
1122 3079 1142 3143 Ι.
1157 3078 1178 3142 Ι.
1193 3076 1294 3163 praef.

181 3205 212 3268 p.
227 3183 354 3248 XXVII
370 3184 488 3250 elicuit.
534 3190 631 3268 atque
654 3184 735 3251 haec
757 3184 888 3268 quidem
912 3204 950 3250 eo
970 3184 1113 3250 firmatur
1136 3183 1296 3250 sententia

181 3289 267 3371 quod
283 3310 380 3354 carm.
397 3291 453 3373 III,
470 3295 509 3356 31
536 3291 607 3356 siue
623 3289 720 3357 dubio
743 3291 868 3356 nonita
883 3291 982 3356 multo
1000 3297 1073 3374 post
1087 3289 1245 3376 Apollinis
1262 3280 1294 3354 in

181 3395 330 3461 Palatino
346 3396 501 3481 templum
517 3416 589 3462 cum
604 3397 778 3482 porticibus
795 3397 979 3464 dedicatum
994 3418 1104 3465 mense
1121 3398 1249 3465 Octobri
1266 3417 1294 3460 a.

182 3506 245 3568 726
254 3506 321 3584 (28)
331 3501 492 3569 conditum
502 3509 567 3586 est;
589 3504 623 3568 in
639 3503 726 3574 idem
742 3504 841 3588 igitur
849 3511 976 3590 tempus
984 3503 1101 3584 reterri
1114 3510 1219 3590 potest
1233 3523 1294 3586 quo

181 3609 257 3674 libri
273 3609 407 3676 secundi
423 3610 567 3676 carmina
574 3611 681 3695 prima
697 3611 818 3695 scripta
835 3631 907 3678 esse
922 3611 1018 3677 modo
1033 3609 1295 3695 significavimus.

182 3713 239 3780 sed
260 3714 436 3782 secuudum
459 3715 652 3800 tertiumque
671 3717 786 3782 librum
810 3737 874 3784 una
897 3718 1081 3784 coniunctos
1105 3705 1295 3784 etiamnum

182 3826 296 3903 quarto
318 3822 446 3906 publico
469 3822 541 3889 usui
565 3824 745 3910 propositos
769 3843 841 3890 esse
864 3831 998 3910 apoeta
1013 3844 1041 3889 a.
1060 3830 1122 3890 732
1139 3822 1210 3911 (22)
1227 3822 1296 3888 tere

182 3925 300 3994 frustra
315 3929 469 4014 suspicati
492 3936 566 3996 sunt
588 3937 760 4016 propterea
781 3931 876 4017 quod,
899 3937 1045 3998 utcarm.
1061 3931 1116 4014 IV,
1139 3933 1179 3994 21
1198 3936 1229 3994 et
1246 3933 1297 4014 25,

183 4034 228 4098 ita
251 4033 349 4108 etiam
373 4055 469 4101 carm.
489 4036 546 4120 ΙΠ,
573 4041 611 4102 10
634 4036 808 4123 Cynthiam
831 4059 963 4124 prorsus
986 4037 1169 4103 adecatam
1192 4042 1295 4102 osten-

182 4139 282 4206 deret.
328 4140 408 4208 haec
430 4145 666 4224 argumentatio
689 4165 774 4211 nuno
797 4145 917 4212 reiecto
933 4144 1115 4210 necessario
1131 4143 1165 4208 in
1179 4142 1297 4208 librum

183 4252 332 4328 quartum
355 4267 451 4314 carm.
472 4251 530 4333 111,
557 4255 594 4314 10
620 4251 707 4316 nullo
731 4251 939 4316 fundamento
962 4250 1107 4314 innititur
1129 4267 1234 4331 neque
1258 4267 1297 4312 eo

183 4352 344 4418 stabilitur
361 4339 446 4436 quod
462 4354 723 4440 Eschenburgius
738 4357 758 4420 l.
766 4358 786 4423 Ι.
795 4380 824 4443 p.
842 4362 884 4423 96
901 4377 996 4423 carm.
1005 4357 1059 4440 IV,
1075 4355 1139 4508 2θέ
1157 4353 1298 4438 Cynthia
