3258 5168
722 473 763 534 25

94 681 97 685 -
190 641 273 708 datis
288 641 430 709 haustae.
476 665 540 727 qua
560 645 600 710 de
617 665 715 711 eausa
729 668 780 712 vv.
803 653 860 712 110
878 669 946 732 sqq.
962 647 1076 713 melius
1093 650 1228 714 etiamv.
1241 655 1301 715 102

190 750 362 836 exeipiunt,
378 771 472 836 quam
486 773 515 816 v.
529 755 598 816 118.
629 759 770 819 attamen
786 753 827 819 de
843 762 925 819 aonia
940 762 1065 820 lacrimis
1080 777 1110 821 v.
1129 761 1189 821 120
1207 763 1302 841 poeta

189 857 313 922 loeutus
338 856 468 922 videtur
490 857 694 923 Laehmanno
720 859 762 924 ad
785 861 864 924 illud
885 861 1024 944 prisoum
1040 860 1236 930 Graecorum
1257 864 1302 928 in-

178 949 361 1028 tortunium
392 965 575 1047 respiciens.
621 966 705 1050 quod
733 967 760 1032 si
790 965 873 1050 feeit,
900 968 1049 1034 lacrimas
1078 990 1136 1053 pro
1164 968 1302 1062 adversa

190 1068 317 1135 fortuna
332 1089 518 1153 nuncupans
534 1071 701 1156 locutione,
717 1078 752 1137 ut
766 1072 843 1136 mihi
858 1073 993 1157 videtur,
1009 1095 1072 1138 non
1089 1076 1190 1140 solum
1206 1077 1301 1159 plane

189 1177 350 1259 inusitata,
367 1176 424 1242 sed
441 1197 480 1242 ea
496 1197 572 1244 usus
589 1185 637 1244 est
654 1198 749 1260 quam
766 1199 860 1244 nemo
869 1179 912 1244 ad
921 1179 1116 1246 Graecorum
1126 1182 1300 1267 perniciem

190 1282 283 1348 iaeile
299 1281 427 1350 referat.
473 1304 549 1367 ergo
559 1305 630 1349 eum
640 1285 747 1351 verbis
762 1308 840 1351 abac
856 1294 899 1351 ad
912 1298 963 1352 tua
979 1294 1200 1353 denebarortro
1215 1287 1302 1353 haud

189 1389 285 1454 dubie
308 1388 489 1455 Chaldaeus
512 1391 576 1456 iam
600 1391 768 1477 Propertio
788 1393 951 1458 oraculum
983 1413 1018 1459 se
1049 1394 1208 1460 editurum
1231 1414 1303 1460 esse

190 1495 425 1580 pronuntiata(
434 1496 526 1562 huius
536 1499 713 1564 sententiae
721 1498 828 1564 indole
838 1521 896 1583 pro
905 1487 1073 1564 LACRllS
1081 1501 1219 1585 interim,
1227 1500 1302 1564 dum

190 1603 302 1668 melius
326 1603 403 1685 quid
418 1603 607 1688 inveniatur,
627 1624 746 1688 repone
763 1603 919 1669 SACRIS.
968 1626 1030 1688 quo
1054 1607 1209 1672 vobabulo
1233 1627 1302 1671 ora-

190 1709 304 1791 eulum,
320 1728 403 1790 quae
413 1709 481 1773 eius
498 1716 546 1774 est
554 1710 699 1791 gravitas
715 1711 857 1796 etipsius
869 1712 1119 1796 vaniloquentia,
1135 1712 1302 1798 appellare

190 1815 307 1899 poterit
323 1815 521 1899 Babylonius
538 1816 641 1882 Horos
657 1816 819 1902 Arehytae
844 1819 980 1884 soboles.
1025 1819 1135 1902 itaque
1158 1839 1199 1884 ne
1222 1818 1303 1883 haee

191 1922 319 2004 quidem
328 1922 526 1987 Laehmanni
543 1922 708 1988 adnotatio
721 1924 865 2009 impedit,
882 1926 1051 2007 quominus
1067 1947 1118 1991 vv.
1131 1929 1302 1990 103-118

190 2028 397 2112 expellamus.
443 2029 553 2094 eieetis
570 2034 675 2094 autem
692 2030 742 2096 his
765 2032 913 2096 versibus
936 2032 1017 2097 bene
1041 2031 1187 2117 procedit
1202 2032 1302 2098 oratio

191 2155 255 2199 av.
275 2140 336 2200 102
352 2133 395 2198 ad
417 2157 447 2200 v.
467 2141 537 2200 119.
583 2142 691 2220 restat,
707 2143 742 2201 ut
757 2137 804 2201 illi
822 2157 884 2219 quo
900 2139 1083 2223 pertineant
1100 2157 1302 2220 quaeramus.

191 2247 287 2322 atque
303 2263 353 2307 vv.
374 2241 667 2307 103-1081111166
685 2243 834 2307 carminis
859 2244 944 2325 quod
967 2245 1051 2310 vatis
1075 2245 1175 2310 nostri
1192 2244 1302 2309 vatiei-

189 2348 275 2411 nium
308 2348 467 2412 eontineat
496 2353 622 2433 partem
654 2346 781 2414 efficere
813 2349 928 2413 iterum
961 2351 1155 2433 astrologiae
1184 2350 1302 2416 mentio

190 2455 312 2540 probat.
353 2455 502 2518 nimirum
518 2460 575 2519 lzoe
590 2453 676 2537 quod
693 2455 857 2539 explicare
874 2457 1020 2541 luppiter
1037 2456 1174 2521 Ammon
1189 2456 1302 2538 nequit

188 2559 268 2624 illud
284 2565 333 2626 est
357 2560 441 2642 quod
458 2561 567 2628 Horos'
579 2560 746 2646 Propertio
763 2562 1077 2629 vatieinaturus‘est.
1124 2563 1181 2628 sed
1205 2562 1302 2645 loeus,

73 2741 78 2752 ι
189 2687 284 2750 quem
309 2668 467 2732 sententia
489 2667 570 2733 haee
593 2668 662 2732 sine
687 2666 784 2734 dubio
808 2669 956 2734 mutilata
985 2670 1099 2736 oeteris
1124 2668 1302 2753 deperditis
1431 2726 1436 2734 .

188 2774 221 2838 in
235 2770 296 2838 hoo
305 2774 445 2839 earmina
453 2774 529 2839 olim
545 2774 720 2840 obtinuisse
736 2780 850 2860 potest,
866 2795 947 2841 unus
963 2781 1086 2840 tantum
1103 2775 1302 2857 relinquitur.

188 2899 262 2944 nam
280 2901 308 2946 v.
326 2884 367 2946 80
385 2886 416 2945 et
431 2902 461 2945 v.
478 2883 528 2963 89,
545 2887 611 2944 tum
627 2903 657 2946 v.
678 2885 739 2945 102
762 2888 794 2946 et
810 2903 839 2946 v.
856 2887 917 2947 110
935 2883 1017 2948 bene
1034 2881 1205 2947 oohaerere
1221 2880 1301 2946 vidi-

188 3008 268 3071 mus,
284 2987 345 3053 nisi
362 2993 437 3052 ante
453 3008 482 3052 v.
500 2991 540 3053 89
559 2993 590 3051 61
612 2993 685 3072 post
706 3009 735 3052 v.
764 2991 823 3053 102
849 2989 914 3052 alia
938 2987 1126 3053 exciderunt
1150 2988 1302 3073 exempla

187 3091 262 3158 fidei
279 3113 373 3175 quam
395 3094 455 3159 sibi
471 3092 614 3158 vindieat
629 3094 740 3160 Horos.
787 3114 892 3176 neque
914 3095 998 3160 inter
1019 3116 1070 3159 vv.
1089 3101 1126 3160 71
1142 3133 1175 3142 -
1189 3098 1231 3160 80
1248 3100 1303 3158 aut

138 3281 141 3288 Ι
188 3222 238 3264 vv.
256 3203 406 3266 89-102
424 3207 480 3264 aut
495 3222 545 3266 vv.
567 3205 736 3266 121-150
758 3202 839 3266 alios
863 3221 975 3266 versus
999 3203 1203 3285 interponere
1218 3200 1302 3282 lieet,

135 3298 141 3306 ’
188 3313 412 3390 praeterquam
430 3306 515 3389 quod
531 3327 572 3371 ne
588 3307 746 3372 sententia
768 3307 898 3389 quidem
921 3329 975 3374 vv.
995 3311 1054 3372 103
1072 3327 1141 3389 sqq.
1156 3305 1207 3373 his
1223 3306 1301 3371 loeis

81 3477 93 3512 ἲ,
188 3411 426 3478 aeoommodata
450 3419 508 3483 est.
563 3413 679 3495 quibus
702 3413 982 3480 observationibus
1006 3412 1149 3496 efficitur,
1181 3418 1216 3477 ut
1238 3433 1301 3477 uno

187 3524 310 3584 tantum
326 3520 404 3602 loeo,
426 3520 510 3585 inter
525 3541 554 3584 v.
574 3524 635 3585 120
652 3525 728 3585 etv.
747 3524 819 3604 121,
841 3520 940 3585 inseri
965 3540 1061 3605 posse
1084 3526 1233 3605 putemus
1250 3541 1301 3585 vv.

192 3629 250 3691 103
272 3663 309 3672 -
331 3629 400 3690 108.
451 3631 548 3708 atque
571 3631 740 3710 postquam
764 3648 814 3692 vv.
841 3631 902 3692 119
928 3646 974 3708 sq.
998 3625 1165 3710 Propertio
1189 3626 1300 3691 vatini-

187 3731 274 3796 nium
298 3732 453 3816 promisit,
485 3733 591 3797 statim
613 3733 682 3798 eius
706 3734 901 3815 gravitatem
926 3732 991 3813 (611.
1016 3754 1044 3798 v.
1070 3737 1328 3816 1031616606.ι

188 3837 461 3920 magniloquentia
476 3837 562 3903 haud
577 3839 687 3924 inepte
697 3839 922 3904 efferetHoros
938 3836 1073 3903 laudata
1086 3838 1183 3904 etiam
1199 3845 1300 3904 astro-

188 3944 293 4026 logiae
310 3944 427 4010 virtute
444 3967 495 4010 vv.
516 3949 574 4010 103
593 3965 661 4028 sqq.
693 3945 743 4011 eui
761 3946 892 4012 oonsilio
910 3945 1007 4010 etiam
1024 3965 1075 4010 vv.
1093 3948 1243 4029 81-86,
1260 3943 1301 4010 de

188 4051 302 4132 quibus
319 4071 418 4136 supra
434 4051 652 4136 disseruimus,
667 4053 824 4118 inservire
841 4052 1000 4118 videntur.
1046 4051 1087 4116 ab
1112 4048 1172 4116 hae
1192 4057 1301 4117 autem

188 4156 265 4222 artis
290 4176 368 4222 suae
398 4158 494 4223 laude
517 4165 603 4224 reete
627 4157 862 4242 transgreditur
886 4165 978 4224 vates
1003 4158 1045 4223 ad
1068 4180 1119 4225 vv.
1147 4161 1203 4223 121
1231 4178 1300 4240 sqq.

188 4262 302 4344 quibus
318 4264 391 4348 ipsa
406 4263 466 4330 hae
482 4272 551 4330 arte
567 4271 682 4348 poetae
700 4266 837 4350 patriam
853 4271 983 4348 gentem
1003 4266 1104 4332 vitam
1120 4265 1248 4330 novisse
1265 4283 1300 4330 se

187 4369 317 4436 simulat
333 4368 401 4457 (eir.
417 4393 445 4436 v.
468 4375 549 4453 122).
596 4391 673 4456 ergo
694 4392 745 4437 vv.
767 4376 938 4438 103-108
955 4391 1083 4453 unaque
1100 4393 1149 4437 vv.
1168 4373 1299 4436 81-86
