<?xml version="1.0" encoding="UTF-8"?>
<!DOCTYPE html PUBLIC "-//W3C//DTD XHTML 1.0 Transitional//EN"
    "http://www.w3.org/TR/xhtml1/DTD/xhtml1-transitional.dtd">
<html xmlns="http://www.w3.org/1999/xhtml" xml:lang="en" lang="en">
 <head>
  <title>
</title>
<meta http-equiv="Content-Type" content="text/html;charset=utf-8" />
  <meta name='ocr-system' content='tesseract 3.04.00' />
  <meta name='ocr-capabilities' content='ocr_page ocr_carea ocr_par ocr_line ocrx_word'/>
</head>
<body>
  <div class='ocr_page' id='page_1' title='image "./commentationesp00propgoog_0055.png"; bbox 0 0 3258 5168; ppageno 0'>
   <div class='ocr_carea' id='block_1_1' title="bbox 853 477 895 541">
    <p class='ocr_par' dir='ltr' id='par_1_1' title="bbox 853 477 895 541">
     <span class='ocr_line' id='line_1_1' title="bbox 853 477 895 541; baseline 0.024 -1"><span class='ocrx_word' id='word_1_1' title='bbox 853 477 895 541; x_wconf 81' lang='lat' dir='ltr'><strong>le</strong></span> 
     </span>
    </p>
   </div>
   <div class='ocr_carea' id='block_1_2' title="bbox 316 650 1434 4027">
    <p class='ocr_par' dir='ltr' id='par_1_2' title="bbox 316 650 1434 4027">
     <span class='ocr_line' id='line_1_2' title="bbox 320 650 1433 736; baseline 0.003 -21"><span class='ocrx_word' id='word_1_2' title='bbox 320 652 478 716; x_wconf 87' lang='lat' dir='ltr'><strong>rationum</strong></span> <span class='ocrx_word' id='word_1_3' title='bbox 502 650 734 736; x_wconf 88' lang='lat' dir='ltr'><strong>strophicarum</strong></span> <span class='ocrx_word' id='word_1_4' title='bbox 759 651 970 717; x_wconf 88' lang='lat' dir='ltr'><strong>concinnitate</strong></span> <span class='ocrx_word' id='word_1_5' title='bbox 1000 652 1147 717; x_wconf 78' lang='lat' dir='ltr'><strong>elucebit.</strong></span> <span class='ocrx_word' id='word_1_6' title='bbox 1198 672 1274 716; x_wconf 86' lang='lat' dir='ltr'><strong>nam</strong></span> <span class='ocrx_word' id='word_1_7' title='bbox 1297 671 1338 718; x_wconf 94' lang='lat' dir='ltr'><strong>ne</strong></span> <span class='ocrx_word' id='word_1_8' title='bbox 1361 652 1433 735; x_wconf 91' lang='lat' dir='ltr'><strong>quis</strong></span> 
     </span>
     <span class='ocr_line' id='line_1_3' title="bbox 321 756 1433 843; baseline 0.004 -23"><span class='ocrx_word' id='word_1_9' title='bbox 321 776 416 821; x_wconf 88' lang='lat' dir='ltr'><strong>carm.</strong></span> <span class='ocrx_word' id='word_1_10' title='bbox 433 757 470 840; x_wconf 87' lang='lat' dir='ltr'><strong>V,</strong></span> <span class='ocrx_word' id='word_1_11' title='bbox 490 764 537 841; x_wconf 87' lang='lat' dir='ltr'><strong>la,</strong></span> <span class='ocrx_word' id='word_1_12' title='bbox 558 761 587 841; x_wconf 81' lang='grc'><strong>2,</strong></span> <span class='ocrx_word' id='word_1_13' title='bbox 611 763 640 841; x_wconf 88' lang='grc'><strong>4,</strong></span> <span class='ocrx_word' id='word_1_14' title='bbox 666 758 716 840; x_wconf 83' lang='lat' dir='ltr'><strong>cb,</strong></span> <span class='ocrx_word' id='word_1_15' title='bbox 739 763 769 839; x_wconf 83' lang='lat' dir='ltr'><strong>a,</strong></span> <span class='ocrx_word' id='word_1_16' title='bbox 797 762 833 821; x_wconf 86' lang='lat'><strong>10</strong></span> <span class='ocrx_word' id='word_1_17' title='bbox 858 756 1038 841; x_wconf 73' lang='lat' dir='ltr'><strong>imperfecti</strong></span> <span class='ocrx_word' id='word_1_18' title='bbox 1061 759 1169 843; x_wconf 87' lang='lat' dir='ltr'><strong>operis</strong></span> <span class='ocrx_word' id='word_1_19' title='bbox 1192 758 1337 824; x_wconf 91' lang='lat' dir='ltr'><strong>membra</strong></span> <span class='ocrx_word' id='word_1_20' title='bbox 1360 778 1433 824; x_wconf 88' lang='lat' dir='ltr'><strong>esse</strong></span> 
     </span>
     <span class='ocr_line' id='line_1_4' title="bbox 320 863 1434 949; baseline 0 -21"><span class='ocrx_word' id='word_1_21' title='bbox 320 870 474 949; x_wconf 78' lang='lat' dir='ltr'><strong>opponat:</strong></span> <span class='ocrx_word' id='word_1_22' title='bbox 494 869 628 949; x_wconf 89' lang='lat' dir='ltr'><strong>possunt</strong></span> <span class='ocrx_word' id='word_1_23' title='bbox 636 864 706 929; x_wconf 88' lang='lat' dir='ltr'><strong>sine</strong></span> <span class='ocrx_word' id='word_1_24' title='bbox 714 863 811 928; x_wconf 91' lang='lat' dir='ltr'><strong>dubio</strong></span> <span class='ocrx_word' id='word_1_25' title='bbox 820 870 885 929; x_wconf 91' lang='lat' dir='ltr'><strong>toto</strong></span> <span class='ocrx_word' id='word_1_26' title='bbox 895 884 993 948; x_wconf 91' lang='lat' dir='ltr'><strong>opere</strong></span> <span class='ocrx_word' id='word_1_27' title='bbox 1001 864 1142 930; x_wconf 91' lang='lat' dir='ltr'><strong>nondum</strong></span> <span class='ocrx_word' id='word_1_28' title='bbox 1151 866 1297 932; x_wconf 90' lang='lat' dir='ltr'><strong>absoluto</strong></span> <span class='ocrx_word' id='word_1_29' title='bbox 1305 865 1434 946; x_wconf 85' lang='lat' dir='ltr'><strong>singula</strong></span> 
     </span>
     <span class='ocr_line' id='line_1_5' title="bbox 320 969 1433 1055; baseline 0 -21"><span class='ocrx_word' id='word_1_30' title='bbox 320 970 463 1034; x_wconf 89' lang='lat' dir='ltr'><strong>carmina</strong></span> <span class='ocrx_word' id='word_1_31' title='bbox 478 970 625 1036; x_wconf 89' lang='lat' dir='ltr'><strong>omnibus</strong></span> <span class='ocrx_word' id='word_1_32' title='bbox 647 969 789 1034; x_wconf 86' lang='lat' dir='ltr'><strong>numeris</strong></span> <span class='ocrx_word' id='word_1_33' title='bbox 813 970 938 1035; x_wconf 90' lang='lat' dir='ltr'><strong>absolvi</strong></span> <span class='ocrx_word' id='word_1_34' title='bbox 962 977 995 1034; x_wconf 90' lang='lat' dir='ltr'><strong>et</strong></span> <span class='ocrx_word' id='word_1_35' title='bbox 1018 971 1163 1055; x_wconf 83' lang='lat' dir='ltr'><strong>expoliri.</strong></span> <span class='ocrx_word' id='word_1_36' title='bbox 1209 970 1320 1053; x_wconf 89' lang='lat' dir='ltr'><strong>itaque</strong></span> <span class='ocrx_word' id='word_1_37' title='bbox 1335 991 1433 1034; x_wconf 88' lang='lat' dir='ltr'><strong>unum</strong></span> 
     </span>
     <span class='ocr_line' id='line_1_6' title="bbox 318 1075 1432 1161; baseline 0 -21"><span class='ocrx_word' id='word_1_38' title='bbox 318 1077 440 1142; x_wconf 84' lang='lat' dir='ltr'><strong>tuntum</strong></span> <span class='ocrx_word' id='word_1_39' title='bbox 457 1097 588 1142; x_wconf 88' lang='lat' dir='ltr'><strong>carmen</strong></span> <span class='ocrx_word' id='word_1_40' title='bbox 595 1075 799 1142; x_wconf 90' lang='lat' dir='ltr'><strong>undecimum</strong></span> <span class='ocrx_word' id='word_1_41' title='bbox 816 1075 993 1161; x_wconf 86' lang='lat' dir='ltr'><strong>perfectum</strong></span> <span class='ocrx_word' id='word_1_42' title='bbox 1008 1097 1073 1141; x_wconf 90' lang='lat' dir='ltr'><strong>non</strong></span> <span class='ocrx_word' id='word_1_43' title='bbox 1089 1097 1160 1143; x_wconf 88' lang='lat' dir='ltr'><strong>esse</strong></span> <span class='ocrx_word' id='word_1_44' title='bbox 1176 1075 1324 1143; x_wconf 89' lang='lat' dir='ltr'><strong>concedo.</strong></span> <span class='ocrx_word' id='word_1_45' title='bbox 1356 1097 1432 1142; x_wconf 88' lang='lat' dir='ltr'><strong>nam</strong></span> 
     </span>
     <span class='ocr_line' id='line_1_7' title="bbox 319 1182 1430 1267; baseline 0.002 -21"><span class='ocrx_word' id='word_1_46' title='bbox 319 1183 457 1266; x_wconf 90' lang='lat' dir='ltr'><strong>primum</strong></span> <span class='ocrx_word' id='word_1_47' title='bbox 473 1182 603 1265; x_wconf 90' lang='lat' dir='ltr'><strong>quidem</strong></span> <span class='ocrx_word' id='word_1_48' title='bbox 619 1182 780 1267; x_wconf 79' lang='lat' dir='ltr'><strong>duplicem</strong></span> <span class='ocrx_word' id='word_1_49' title='bbox 796 1202 905 1248; x_wconf 90' lang='lat' dir='ltr'><strong>eorum</strong></span> <span class='ocrx_word' id='word_1_50' title='bbox 930 1203 1013 1265; x_wconf 88' lang='lat' dir='ltr'><strong>quae</strong></span> <span class='ocrx_word' id='word_1_51' title='bbox 1029 1183 1062 1247; x_wconf 94' lang='lat' dir='ltr'><strong>in</strong></span> <span class='ocrx_word' id='word_1_52' title='bbox 1086 1184 1141 1248; x_wconf 92' lang='lat' dir='ltr'><strong>illo</strong></span> <span class='ocrx_word' id='word_1_53' title='bbox 1157 1190 1327 1262; x_wconf 82' lang='lat' dir='ltr'><strong>narrentur</strong></span> <span class='ocrx_word' id='word_1_54' title='bbox 1342 1203 1430 1248; x_wconf 87' lang='lat' dir='ltr'><strong>scae-</strong></span> 
     </span>
     <span class='ocr_line' id='line_1_8' title="bbox 319 1288 1432 1374; baseline 0.001 -22"><span class='ocrx_word' id='word_1_55' title='bbox 319 1309 394 1354; x_wconf 90' lang='lat' dir='ltr'><strong>nam</strong></span> <span class='ocrx_word' id='word_1_56' title='bbox 425 1308 498 1355; x_wconf 86' lang='lat' dir='ltr'><strong>esse</strong></span> <span class='ocrx_word' id='word_1_57' title='bbox 529 1308 665 1371; x_wconf 90' lang='lat' dir='ltr'><strong>eamque</strong></span> <span class='ocrx_word' id='word_1_58' title='bbox 701 1288 866 1374; x_wconf 72' lang='lat' dir='ltr'><strong>confusam</strong></span> <span class='ocrx_word' id='word_1_59' title='bbox 897 1295 970 1373; x_wconf 88' lang='lat' dir='ltr'><strong>post</strong></span> <span class='ocrx_word' id='word_1_60' title='bbox 1005 1289 1085 1354; x_wconf 89' lang='lat' dir='ltr'><strong>alios</strong></span> <span class='ocrx_word' id='word_1_61' title='bbox 1116 1290 1239 1355; x_wconf 91' lang='lat' dir='ltr'><strong>monuit</strong></span> <span class='ocrx_word' id='word_1_62' title='bbox 1270 1289 1432 1353; x_wconf 85' lang='lat' dir='ltr'><strong>Lucienus</strong></span> 
     </span>
     <span class='ocr_line' id='line_1_9' title="bbox 319 1394 1432 1479; baseline 0.001 -22"><span class='ocrx_word' id='word_1_63' title='bbox 319 1394 493 1460; x_wconf 85' lang='lat' dir='ltr'><strong>Muellerus</strong></span> <span class='ocrx_word' id='word_1_64' title='bbox 516 1395 549 1459; x_wconf 92' lang='lat' dir='ltr'><strong>in</strong></span> <span class='ocrx_word' id='word_1_65' title='bbox 572 1394 774 1460; x_wconf 82' lang='lat' dir='ltr'><strong>Fleckeiseni</strong></span> <span class='ocrx_word' id='word_1_66' title='bbox 799 1415 872 1460; x_wconf 88' lang='lat' dir='ltr'><strong>ann.</strong></span> <span class='ocrx_word' id='word_1_67' title='bbox 896 1395 957 1460; x_wconf 88' lang='lat' dir='ltr'><strong>vol.</strong></span> <span class='ocrx_word' id='word_1_68' title='bbox 975 1400 1013 1460; x_wconf 84' lang='lat'><strong>91</strong></span> <span class='ocrx_word' id='word_1_69' title='bbox 1038 1417 1069 1479; x_wconf 92' lang='lat' dir='ltr'><strong>p.</strong></span> <span class='ocrx_word' id='word_1_70' title='bbox 1093 1399 1167 1459; x_wconf 80' lang='lat'>422.</span> <span class='ocrx_word' id='word_1_71' title='bbox 1213 1400 1310 1478; x_wconf 90' lang='lat' dir='ltr'><strong>atque</strong></span> <span class='ocrx_word' id='word_1_72' title='bbox 1334 1395 1432 1460; x_wconf 91' lang='lat' dir='ltr'><strong>etiam</strong></span> 
     </span>
     <span class='ocr_line' id='line_1_10' title="bbox 319 1500 1434 1586; baseline -0.002 -20"><span class='ocrx_word' id='word_1_73' title='bbox 319 1501 447 1583; x_wconf 85' lang='lat' dir='ltr'><strong>singula</strong></span> <span class='ocrx_word' id='word_1_74' title='bbox 466 1501 609 1585; x_wconf 87' lang='lat' dir='ltr'><strong>disticha,</strong></span> <span class='ocrx_word' id='word_1_75' title='bbox 639 1521 722 1567; x_wconf 90' lang='lat' dir='ltr'><strong>nuno</strong></span> <span class='ocrx_word' id='word_1_76' title='bbox 752 1507 830 1586; x_wconf 92' lang='lat' dir='ltr'><strong>apto</strong></span> <span class='ocrx_word' id='word_1_77' title='bbox 854 1521 940 1568; x_wconf 85' lang='lat' dir='ltr'><strong>nexu</strong></span> <span class='ocrx_word' id='word_1_78' title='bbox 973 1502 1125 1585; x_wconf 88' lang='lat' dir='ltr'><strong>carentia,</strong></span> <span class='ocrx_word' id='word_1_79' title='bbox 1155 1500 1316 1566; x_wconf 91' lang='lat' dir='ltr'><strong>interdum</strong></span> <span class='ocrx_word' id='word_1_80' title='bbox 1339 1501 1434 1566; x_wconf 91' lang='lat' dir='ltr'><strong>aliter</strong></span> 
     </span>
     <span class='ocr_line' id='line_1_11' title="bbox 319 1607 1432 1693; baseline -0.001 -22"><span class='ocrx_word' id='word_1_81' title='bbox 319 1608 538 1672; x_wconf 88' lang='lat' dir='ltr'><strong>ordinaturum</strong></span> <span class='ocrx_word' id='word_1_82' title='bbox 554 1607 654 1674; x_wconf 88' lang='lat' dir='ltr'><strong>fuisse</strong></span> <span class='ocrx_word' id='word_1_83' title='bbox 670 1614 799 1692; x_wconf 88' lang='lat' dir='ltr'><strong>poetam</strong></span> <span class='ocrx_word' id='word_1_84' title='bbox 814 1608 915 1676; x_wconf 84' lang='lat' dir='ltr'><strong>sensit</strong></span> <span class='ocrx_word' id='word_1_85' title='bbox 930 1607 1166 1693; x_wconf 86' lang='lat' dir='ltr'><strong>Peerlkampus</strong></span> <span class='ocrx_word' id='word_1_86' title='bbox 1182 1608 1236 1690; x_wconf 93' lang='lat' dir='ltr'><strong>qui</strong></span> <span class='ocrx_word' id='word_1_87' title='bbox 1253 1615 1432 1673; x_wconf 82' lang='lat' dir='ltr'><strong>extremum</strong></span> 
     </span>
     <span class='ocr_line' id='line_1_12' title="bbox 318 1713 1432 1798; baseline -0.003 -19"><span class='ocrx_word' id='word_1_88' title='bbox 318 1714 405 1780; x_wconf 89' lang='lat' dir='ltr'><strong>vitae</strong></span> <span class='ocrx_word' id='word_1_89' title='bbox 421 1714 520 1780; x_wconf 91' lang='lat' dir='ltr'><strong>otium</strong></span> <span class='ocrx_word' id='word_1_90' title='bbox 538 1713 612 1779; x_wconf 93' lang='lat' dir='ltr'><strong>huic</strong></span> <span class='ocrx_word' id='word_1_91' title='bbox 627 1714 770 1798; x_wconf 87' lang='lat' dir='ltr'><strong>carmini,</strong></span> <span class='ocrx_word' id='word_1_92' title='bbox 795 1713 972 1796; x_wconf 80' lang='lat' dir='ltr'><strong>elegiarum</strong></span> <span class='ocrx_word' id='word_1_93' title='bbox 987 1713 1131 1798; x_wconf 63' lang='lat' dir='ltr'><strong>reginae,</strong></span> <span class='ocrx_word' id='word_1_94' title='bbox 1155 1714 1296 1779; x_wconf 89' lang='lat' dir='ltr'><strong>navavit</strong></span> <span class='ocrx_word' id='word_1_95' title='bbox 1334 1717 1432 1794; x_wconf 83' lang='lat' dir='ltr'><strong>quan-</strong></span> 
     </span>
     <span class='ocr_line' id='line_1_13' title="bbox 320 1818 1432 1904; baseline -0.002 -20"><span class='ocrx_word' id='word_1_96' title='bbox 320 1839 416 1902; x_wconf 84' lang='lat' dir='ltr'><strong>quam</strong></span> <span class='ocrx_word' id='word_1_97' title='bbox 438 1840 521 1884; x_wconf 89' lang='lat' dir='ltr'><strong>nunc</strong></span> <span class='ocrx_word' id='word_1_98' title='bbox 545 1820 662 1884; x_wconf 89' lang='lat' dir='ltr'><strong>iniuria</strong></span> <span class='ocrx_word' id='word_1_99' title='bbox 685 1818 994 1904; x_wconf 87' lang='lat' dir='ltr'><strong>transponendorum</strong></span> <span class='ocrx_word' id='word_1_100' title='bbox 1017 1840 1168 1886; x_wconf 88' lang='lat' dir='ltr'><strong>versuum</strong></span> <span class='ocrx_word' id='word_1_101' title='bbox 1192 1818 1335 1884; x_wconf 90' lang='lat' dir='ltr'><strong>remedio</strong></span> <span class='ocrx_word' id='word_1_102' title='bbox 1359 1839 1432 1883; x_wconf 90' lang='lat' dir='ltr'><strong>eum</strong></span> 
     </span>
     <span class='ocr_line' id='line_1_14' title="bbox 319 1925 1433 2010; baseline 0 -20"><span class='ocrx_word' id='word_1_103' title='bbox 319 1946 411 1992; x_wconf 90' lang='lat' dir='ltr'><strong>usum</strong></span> <span class='ocrx_word' id='word_1_104' title='bbox 436 1945 507 1992; x_wconf 88' lang='lat' dir='ltr'><strong>esse</strong></span> <span class='ocrx_word' id='word_1_105' title='bbox 531 1926 645 1990; x_wconf 92' lang='lat' dir='ltr'><strong>merito</strong></span> <span class='ocrx_word' id='word_1_106' title='bbox 670 1926 832 1991; x_wconf 89' lang='lat' dir='ltr'><strong>contendit</strong></span> <span class='ocrx_word' id='word_1_107' title='bbox 855 1926 1014 1992; x_wconf 84' lang='lat' dir='ltr'><strong>Lucienus</strong></span> <span class='ocrx_word' id='word_1_108' title='bbox 1038 1925 1211 1993; x_wconf 79' lang='lat' dir='ltr'><strong>Muellerus</strong></span> <span class='ocrx_word' id='word_1_109' title='bbox 1235 1926 1254 1988; x_wconf 94' lang='lat' dir='ltr'><strong>l.</strong></span> <span class='ocrx_word' id='word_1_110' title='bbox 1270 1925 1291 1988; x_wconf 90' lang='lat' dir='ltr'><strong>l.</strong></span> <span class='ocrx_word' id='word_1_111' title='bbox 1312 1947 1343 2010; x_wconf 89' lang='lat' dir='ltr'><strong>p.</strong></span> <span class='ocrx_word' id='word_1_112' title='bbox 1360 1929 1433 2008; x_wconf 82' lang='lat'><strong>780,</strong></span> 
     </span>
     <span class='ocr_line' id='line_1_15' title="bbox 320 2029 1432 2122; baseline 0 -26"><span class='ocrx_word' id='word_1_113' title='bbox 320 2033 396 2122; x_wconf 83' lang='lat' dir='ltr'><strong>quia</strong></span> <span class='ocrx_word' id='word_1_114' title='bbox 411 2033 457 2098; x_wconf 89' lang='lat' dir='ltr'><strong>sic</strong></span> <span class='ocrx_word' id='word_1_115' title='bbox 472 2031 663 2097; x_wconf 83' lang='lat' dir='ltr'><strong>narrationis</strong></span> <span class='ocrx_word' id='word_1_116' title='bbox 680 2031 845 2098; x_wconf 88' lang='lat' dir='ltr'><strong>consilium</strong></span> <span class='ocrx_word' id='word_1_117' title='bbox 863 2033 968 2115; x_wconf 80' lang='lat' dir='ltr'><strong>magis</strong></span> <span class='ocrx_word' id='word_1_118' title='bbox 991 2032 1088 2098; x_wconf 85' lang='lat' dir='ltr'><strong>etiam</strong></span> <span class='ocrx_word' id='word_1_119' title='bbox 1110 2033 1264 2098; x_wconf 88' lang='lat' dir='ltr'><strong>turbatur.</strong></span> <span class='ocrx_word' id='word_1_120' title='bbox 1311 2029 1370 2096; x_wconf 88' lang='lat' dir='ltr'><strong>sed</strong></span> <span class='ocrx_word' id='word_1_121' title='bbox 1385 2037 1432 2096; x_wconf 87' lang='lat' dir='ltr'><strong>ta-</strong></span> 
     </span>
     <span class='ocr_line' id='line_1_16' title="bbox 319 2144 676 2221; baseline -0.006 -19"><span class='ocrx_word' id='word_1_122' title='bbox 319 2158 393 2203; x_wconf 86' lang='lat' dir='ltr'><strong>men</strong></span> <span class='ocrx_word' id='word_1_123' title='bbox 410 2158 470 2221; x_wconf 88' lang='lat' dir='ltr'><strong>ego</strong></span> <span class='ocrx_word' id='word_1_124' title='bbox 487 2160 537 2205; x_wconf 88' lang='lat' dir='ltr'><strong>vv.</strong></span> <span class='ocrx_word' id='word_1_125' title='bbox 556 2144 595 2203; x_wconf 82' lang='lat'><strong>65</strong></span> <span class='ocrx_word' id='word_1_126' title='bbox 613 2158 676 2221; x_wconf 89' lang='lat' dir='ltr'><strong>sq.:</strong></span> 
     </span>
     <span class='ocr_line' id='line_1_17' title="bbox 491 2250 1253 2327; baseline 0 -17"><span class='ocrx_word' id='word_1_127' title='bbox 491 2251 612 2310; x_wconf 82' lang='lat' dir='ltr'><strong>uidimus</strong></span> <span class='ocrx_word' id='word_1_128' title='bbox 628 2256 656 2307; x_wconf 83' lang='lat' dir='ltr'><strong>et</strong></span> <span class='ocrx_word' id='word_1_129' title='bbox 667 2251 796 2322; x_wconf 81' lang='lat' dir='ltr'><strong>fratrem</strong></span> <span class='ocrx_word' id='word_1_130' title='bbox 811 2253 914 2310; x_wconf 81' lang='lat' dir='ltr'><strong>sellom</strong></span> <span class='ocrx_word' id='word_1_131' title='bbox 928 2250 1094 2325; x_wconf 78' lang='lat' dir='ltr'><strong>pemiacsse</strong></span> <span class='ocrx_word' id='word_1_132' title='bbox 1108 2253 1253 2327; x_wconf 75' lang='lat' dir='ltr'><strong>cartelera,</strong></span> 
     </span>
     <span class='ocr_line' id='line_1_18' title="bbox 543 2359 1199 2435; baseline 0 -19"><span class='ocrx_word' id='word_1_133' title='bbox 543 2359 650 2416; x_wconf 80' lang='lat' dir='ltr'><strong>eorual</strong></span> <span class='ocrx_word' id='word_1_134' title='bbox 662 2373 718 2430; x_wconf 84' lang='lat' dir='ltr'><strong>quo</strong></span> <span class='ocrx_word' id='word_1_135' title='bbox 731 2359 834 2430; x_wconf 80' lang='lat' dir='ltr'><strong>suctus</strong></span> <span class='ocrx_word' id='word_1_136' title='bbox 849 2362 987 2435; x_wconf 79' lang='lat' dir='ltr'><strong>ternpore,</strong></span> <span class='ocrx_word' id='word_1_137' title='bbox 1001 2363 1091 2433; x_wconf 82' lang='lat' dir='ltr'><strong>rupta</strong></span> <span class='ocrx_word' id='word_1_138' title='bbox 1105 2374 1199 2435; x_wconf 80' lang='lat' dir='ltr'><strong>soror,</strong></span> 
     </span>
     <span class='ocr_line' id='line_1_19' title="bbox 318 2442 1431 2542; baseline 0 -22"><span class='ocrx_word' id='word_1_139' title='bbox 318 2456 372 2539; x_wconf 94' lang='lat' dir='ltr'><strong>qui</strong></span> <span class='ocrx_word' id='word_1_140' title='bbox 388 2478 471 2522; x_wconf 91' lang='lat' dir='ltr'><strong>nuno</strong></span> <span class='ocrx_word' id='word_1_141' title='bbox 486 2457 659 2522; x_wconf 93' lang='lat' dir='ltr'><strong>liberorum</strong></span> <span class='ocrx_word' id='word_1_142' title='bbox 684 2458 957 2523; x_wconf 83' lang='lat' dir='ltr'><strong>enumerationem</strong></span> <span class='ocrx_word' id='word_1_143' title='bbox 980 2459 1225 2542; x_wconf 83' lang='lat' dir='ltr'><strong>interrumpunt,</strong></span> <span class='ocrx_word' id='word_1_144' title='bbox 1248 2442 1321 2542; x_wconf 85' lang='lat' dir='ltr'><strong>post</strong></span> <span class='ocrx_word' id='word_1_145' title='bbox 1344 2478 1373 2524; x_wconf 83' lang='lat' dir='ltr'><strong>v.</strong></span> <span class='ocrx_word' id='word_1_146' title='bbox 1391 2461 1431 2522; x_wconf 84' lang='lat'><strong>60</strong></span> 
     </span>
     <span class='ocr_line' id='line_1_20' title="bbox 317 2562 1433 2647; baseline 0 -21"><span class='ocrx_word' id='word_1_147' title='bbox 317 2563 517 2646; x_wconf 82' lang='lat' dir='ltr'><strong>inseruerim,</strong></span> <span class='ocrx_word' id='word_1_148' title='bbox 541 2562 617 2645; x_wconf 92' lang='lat' dir='ltr'><strong>quia</strong></span> <span class='ocrx_word' id='word_1_149' title='bbox 632 2563 726 2628; x_wconf 91' lang='lat' dir='ltr'><strong>aliter</strong></span> <span class='ocrx_word' id='word_1_150' title='bbox 741 2583 782 2629; x_wconf 91' lang='lat' dir='ltr'><strong>ne</strong></span> <span class='ocrx_word' id='word_1_151' title='bbox 806 2575 945 2629; x_wconf 81' lang='lat' dir='ltr'><strong>ettamen</strong></span> <span class='ocrx_word' id='word_1_152' title='bbox 969 2563 1098 2647; x_wconf 89' lang='lat' dir='ltr'><strong>quidem</strong></span> <span class='ocrx_word' id='word_1_153' title='bbox 1123 2563 1203 2629; x_wconf 91' lang='lat' dir='ltr'><strong>illud</strong></span> <span class='ocrx_word' id='word_1_154' title='bbox 1226 2585 1256 2630; x_wconf 92' lang='lat' dir='ltr'><strong>v.</strong></span> <span class='ocrx_word' id='word_1_155' title='bbox 1279 2568 1320 2629; x_wconf 81' lang='lat'><strong>60</strong></span> <span class='ocrx_word' id='word_1_156' title='bbox 1346 2570 1433 2628; x_wconf 91' lang='lat' dir='ltr'><strong>recto</strong></span> 
     </span>
     <span class='ocr_line' id='line_1_21' title="bbox 317 2669 864 2753; baseline 0.002 -20"><span class='ocrx_word' id='word_1_157' title='bbox 317 2669 383 2733; x_wconf 91' lang='lat' dir='ltr'><strong>talo</strong></span> <span class='ocrx_word' id='word_1_158' title='bbox 399 2675 471 2734; x_wconf 90' lang='lat' dir='ltr'><strong>stat.</strong></span> <span class='ocrx_word' id='word_1_159' title='bbox 516 2669 658 2752; x_wconf 91' lang='lat' dir='ltr'><strong>itemque</strong></span> <span class='ocrx_word' id='word_1_160' title='bbox 674 2691 725 2736; x_wconf 85' lang='lat' dir='ltr'><strong>vv.</strong></span> <span class='ocrx_word' id='word_1_161' title='bbox 742 2676 783 2735; x_wconf 84' lang='lat'><strong>97</strong></span> <span class='ocrx_word' id='word_1_162' title='bbox 801 2691 864 2753; x_wconf 91' lang='lat' dir='ltr'><strong>sq.:</strong></span> 
     </span>
     <span class='ocr_line' id='line_1_22' title="bbox 469 2780 1271 2858; baseline 0.001 -19"><span class='ocrx_word' id='word_1_163' title='bbox 469 2786 498 2839; x_wconf 83' lang='lat' dir='ltr'><strong>et</strong></span> <span class='ocrx_word' id='word_1_164' title='bbox 512 2780 584 2840; x_wconf 83' lang='lat' dir='ltr'><strong>bene</strong></span> <span class='ocrx_word' id='word_1_165' title='bbox 598 2781 686 2840; x_wconf 78' lang='lat' dir='ltr'><strong>uacet</strong></span> <span class='ocrx_word' id='word_1_166' title='bbox 694 2800 703 2839; x_wconf 89' lang='lat'><em>:</em></span> <span class='ocrx_word' id='word_1_167' title='bbox 718 2798 868 2858; x_wconf 82' lang='lat' dir='ltr'><strong>nunquam</strong></span> <span class='ocrx_word' id='word_1_168' title='bbox 882 2787 978 2842; x_wconf 83' lang='lat' dir='ltr'><strong>mater</strong></span> <span class='ocrx_word' id='word_1_169' title='bbox 993 2782 1130 2857; x_wconf 69' lang='lat' dir='ltr'><strong>aquom</strong></span> <span class='ocrx_word' id='word_1_170' title='bbox 1144 2783 1271 2857; x_wconf 78' lang='lat' dir='ltr'><strong>sampsi:</strong></span> 
     </span>
     <span class='ocr_line' id='line_1_23' title="bbox 580 2889 1174 2964; baseline 0.003 -18"><span class='ocrx_word' id='word_1_171' title='bbox 580 2889 657 2946; x_wconf 83' lang='lat' dir='ltr'><strong>venit</strong></span> <span class='ocrx_word' id='word_1_172' title='bbox 670 2889 701 2946; x_wconf 81' lang='lat' dir='ltr'><strong>tc</strong></span> <span class='ocrx_word' id='word_1_173' title='bbox 717 2889 858 2962; x_wconf 76' lang='lat' dir='ltr'><strong>exequias</strong></span> <span class='ocrx_word' id='word_1_174' title='bbox 873 2892 935 2947; x_wconf 81' lang='lat' dir='ltr'><strong>tcta</strong></span> <span class='ocrx_word' id='word_1_175' title='bbox 949 2893 1070 2949; x_wconf 81' lang='lat' dir='ltr'><strong>caterva</strong></span> <span class='ocrx_word' id='word_1_176' title='bbox 1085 2905 1174 2964; x_wconf 77' lang='lat' dir='ltr'><strong>meua,</strong></span> 
     </span>
     <span class='ocr_line' id='line_1_24' title="bbox 317 2988 1431 3074; baseline 0.001 -23"><span class='ocrx_word' id='word_1_177' title='bbox 317 2988 481 3070; x_wconf 91' lang='lat' dir='ltr'><strong>inquibus</strong></span> <span class='ocrx_word' id='word_1_178' title='bbox 498 3009 580 3052; x_wconf 92' lang='lat' dir='ltr'><strong>nunc</strong></span> <span class='ocrx_word' id='word_1_179' title='bbox 604 3000 632 3052; x_wconf 85' lang='lat' dir='ltr'><strong>et</strong></span> <span class='ocrx_word' id='word_1_180' title='bbox 654 2993 725 3053; x_wconf 80' lang='lat' dir='ltr'><strong>bene</strong></span> <span class='ocrx_word' id='word_1_181' title='bbox 747 2994 836 3054; x_wconf 77' lang='lat' dir='ltr'><strong>habet</strong></span> <span class='ocrx_word' id='word_1_182' title='bbox 858 2990 958 3056; x_wconf 87' lang='lat' dir='ltr'><strong>verba</strong></span> <span class='ocrx_word' id='word_1_183' title='bbox 981 3009 1080 3056; x_wconf 86' lang='lat' dir='ltr'><strong>sensu</strong></span> <span class='ocrx_word' id='word_1_184' title='bbox 1102 2996 1222 3074; x_wconf 89' lang='lat' dir='ltr'><strong>carent,</strong></span> <span class='ocrx_word' id='word_1_185' title='bbox 1246 2996 1319 3074; x_wconf 89' lang='lat' dir='ltr'><strong>post</strong></span> <span class='ocrx_word' id='word_1_186' title='bbox 1343 3010 1373 3055; x_wconf 90' lang='lat' dir='ltr'><strong>v.</strong></span> <span class='ocrx_word' id='word_1_187' title='bbox 1389 2993 1431 3054; x_wconf 81' lang='lat'><strong>62</strong></span> 
     </span>
     <span class='ocr_line' id='line_1_25' title="bbox 316 3093 1431 3180; baseline 0 -22"><span class='ocrx_word' id='word_1_188' title='bbox 316 3093 553 3175; x_wconf 76' lang='lat' dir='ltr'><strong>revocaverim,</strong></span> <span class='ocrx_word' id='word_1_189' title='bbox 590 3114 651 3177; x_wconf 94' lang='lat' dir='ltr'><strong>quo</strong></span> <span class='ocrx_word' id='word_1_190' title='bbox 682 3115 754 3159; x_wconf 90' lang='lat' dir='ltr'><strong>oum</strong></span> <span class='ocrx_word' id='word_1_191' title='bbox 784 3095 854 3161; x_wconf 91' lang='lat' dir='ltr'><strong>loco</strong></span> <span class='ocrx_word' id='word_1_192' title='bbox 878 3096 930 3160; x_wconf 87' lang='lat' dir='ltr'><strong>vel</strong></span> <span class='ocrx_word' id='word_1_193' title='bbox 958 3095 1117 3162; x_wconf 90' lang='lat' dir='ltr'><strong>sententia</strong></span> <span class='ocrx_word' id='word_1_194' title='bbox 1148 3095 1219 3180; x_wconf 89' lang='lat' dir='ltr'><strong>ipsa</strong></span> <span class='ocrx_word' id='word_1_195' title='bbox 1250 3094 1431 3161; x_wconf 88' lang='lat' dir='ltr'><strong>cohaerent.</strong></span> 
     </span>
     <span class='ocr_line' id='line_1_26' title="bbox 317 3198 1432 3286; baseline 0 -22"><span class='ocrx_word' id='word_1_196' title='bbox 317 3219 421 3282; x_wconf 92' lang='lat' dir='ltr'><strong>neque</strong></span> <span class='ocrx_word' id='word_1_197' title='bbox 436 3199 471 3263; x_wconf 93' lang='lat' dir='ltr'><strong>in</strong></span> <span class='ocrx_word' id='word_1_198' title='bbox 483 3198 541 3265; x_wconf 88' lang='lat' dir='ltr'><strong>has</strong></span> <span class='ocrx_word' id='word_1_199' title='bbox 557 3199 766 3286; x_wconf 89' lang='lat' dir='ltr'><strong>Peerlkampi</strong></span> <span class='ocrx_word' id='word_1_200' title='bbox 782 3201 1050 3285; x_wconf 83' lang='lat' dir='ltr'><strong>transpositiones</strong></span> <span class='ocrx_word' id='word_1_201' title='bbox 1065 3200 1150 3266; x_wconf 85' lang='lat' dir='ltr'><strong>cadit</strong></span> <span class='ocrx_word' id='word_1_202' title='bbox 1167 3200 1252 3283; x_wconf 93' lang='lat' dir='ltr'><strong>quod</strong></span> <span class='ocrx_word' id='word_1_203' title='bbox 1269 3200 1432 3284; x_wconf 85' lang='lat' dir='ltr'><strong>vituperat</strong></span> 
     </span>
     <span class='ocr_line' id='line_1_27' title="bbox 316 3305 1432 3390; baseline 0.001 -21"><span class='ocrx_word' id='word_1_204' title='bbox 316 3306 500 3372; x_wconf 88' lang='lat' dir='ltr'><strong>Muellerus.</strong></span> <span class='ocrx_word' id='word_1_205' title='bbox 545 3312 716 3390; x_wconf 89' lang='lat' dir='ltr'><strong>praeterea</strong></span> <span class='ocrx_word' id='word_1_206' title='bbox 742 3308 776 3371; x_wconf 93' lang='lat' dir='ltr'><strong>in</strong></span> <span class='ocrx_word' id='word_1_207' title='bbox 804 3307 894 3372; x_wconf 90' lang='lat' dir='ltr'><strong>initio</strong></span> <span class='ocrx_word' id='word_1_208' title='bbox 917 3308 1111 3374; x_wconf 88' lang='lat' dir='ltr'><strong>sententiam</strong></span> <span class='ocrx_word' id='word_1_209' title='bbox 1136 3327 1231 3390; x_wconf 92' lang='lat' dir='ltr'><strong>quam</strong></span> <span class='ocrx_word' id='word_1_210' title='bbox 1256 3305 1432 3390; x_wconf 72' lang='lat' dir='ltr'><strong>explicavit</strong></span> 
     </span>
     <span class='ocr_line' id='line_1_28' title="bbox 317 3410 1431 3497; baseline -0.004 -19"><span class='ocrx_word' id='word_1_211' title='bbox 317 3434 368 3478; x_wconf 86' lang='lat' dir='ltr'><strong>vv.</strong></span> <span class='ocrx_word' id='word_1_212' title='bbox 388 3417 402 3476; x_wconf 92' lang='lat' dir='ltr'><strong>l</strong></span> <span class='ocrx_word' id='word_1_213' title='bbox 416 3418 508 3476; x_wconf 85' lang='lat'><strong>-10</strong></span> <span class='ocrx_word' id='word_1_214' title='bbox 525 3413 712 3497; x_wconf 89' lang='lat' dir='ltr'><strong>Propertius</strong></span> <span class='ocrx_word' id='word_1_215' title='bbox 728 3413 932 3497; x_wconf 90' lang='lat' dir='ltr'><strong>paucioribus</strong></span> <span class='ocrx_word' id='word_1_216' title='bbox 949 3414 1096 3480; x_wconf 88' lang='lat' dir='ltr'><strong>versibus</strong></span> <span class='ocrx_word' id='word_1_217' title='bbox 1111 3412 1221 3496; x_wconf 91' lang='lat' dir='ltr'><strong>eisque</strong></span> <span class='ocrx_word' id='word_1_218' title='bbox 1237 3413 1331 3478; x_wconf 91' lang='lat' dir='ltr'><strong>aliter</strong></span> <span class='ocrx_word' id='word_1_219' title='bbox 1346 3410 1431 3477; x_wconf 93' lang='lat' dir='ltr'><strong>ordi-</strong></span> 
     </span>
     <span class='ocr_line' id='line_1_29' title="bbox 316 3511 1430 3603; baseline -0.002 -21"><span class='ocrx_word' id='word_1_220' title='bbox 316 3519 400 3583; x_wconf 88' lang='lat' dir='ltr'><strong>natis</strong></span> <span class='ocrx_word' id='word_1_221' title='bbox 416 3518 555 3584; x_wconf 69' lang='lat' dir='ltr'><strong>fumasse</strong></span> <span class='ocrx_word' id='word_1_222' title='bbox 578 3511 760 3603; x_wconf 83' lang='lat' dir='ltr'><strong>prolaturus</strong></span> <span class='ocrx_word' id='word_1_223' title='bbox 784 3525 862 3584; x_wconf 89' lang='lat' dir='ltr'><strong>erat</strong></span> <span class='ocrx_word' id='word_1_224' title='bbox 907 3539 1045 3585; x_wconf 88' lang='lat' dir='ltr'><strong>necnon</strong></span> <span class='ocrx_word' id='word_1_225' title='bbox 1060 3519 1093 3583; x_wconf 93' lang='lat' dir='ltr'><strong>in</strong></span> <span class='ocrx_word' id='word_1_226' title='bbox 1109 3519 1253 3584; x_wconf 89' lang='lat' dir='ltr'><strong>oratione</strong></span> <span class='ocrx_word' id='word_1_227' title='bbox 1270 3517 1430 3601; x_wconf 89' lang='lat' dir='ltr'><strong>quaedam</strong></span> 
     </span>
     <span class='ocr_line' id='line_1_30' title="bbox 318 3622 1430 3710; baseline -0.002 -22"><span class='ocrx_word' id='word_1_228' title='bbox 318 3644 401 3707; x_wconf 91' lang='lat' dir='ltr'><strong>quae</strong></span> <span class='ocrx_word' id='word_1_229' title='bbox 423 3622 553 3689; x_wconf 91' lang='lat' dir='ltr'><strong>duriora</strong></span> <span class='ocrx_word' id='word_1_230' title='bbox 583 3645 666 3689; x_wconf 91' lang='lat' dir='ltr'><strong>nunc</strong></span> <span class='ocrx_word' id='word_1_231' title='bbox 690 3632 763 3691; x_wconf 89' lang='lat' dir='ltr'><strong>sunt</strong></span> <span class='ocrx_word' id='word_1_232' title='bbox 786 3625 1016 3710; x_wconf 84' lang='lat' dir='ltr'><strong>explanaturus</strong></span> <span class='ocrx_word' id='word_1_233' title='bbox 1040 3631 1072 3690; x_wconf 88' lang='lat' dir='ltr'><strong>et</strong></span> <span class='ocrx_word' id='word_1_234' title='bbox 1093 3624 1249 3690; x_wconf 89' lang='lat' dir='ltr'><strong>leniturus</strong></span> <span class='ocrx_word' id='word_1_235' title='bbox 1274 3631 1352 3689; x_wconf 90' lang='lat' dir='ltr'><strong>erat.</strong></span> <span class='ocrx_word' id='word_1_236' title='bbox 1397 3623 1430 3687; x_wconf 87' lang='lat' dir='ltr'><strong>in</strong></span> 
     </span>
     <span class='ocr_line' id='line_1_31' title="bbox 318 3729 1430 3815; baseline -0.002 -21"><span class='ocrx_word' id='word_1_237' title='bbox 318 3729 434 3796; x_wconf 90' lang='lat' dir='ltr'><strong>ceteris</strong></span> <span class='ocrx_word' id='word_1_238' title='bbox 449 3736 558 3795; x_wconf 89' lang='lat' dir='ltr'><strong>tamen</strong></span> <span class='ocrx_word' id='word_1_239' title='bbox 573 3738 702 3815; x_wconf 90' lang='lat' dir='ltr'><strong>praeter</strong></span> <span class='ocrx_word' id='word_1_240' title='bbox 725 3730 929 3796; x_wconf 89' lang='lat' dir='ltr'><strong>undecimum</strong></span> <span class='ocrx_word' id='word_1_241' title='bbox 953 3731 1147 3798; x_wconf 91' lang='lat' dir='ltr'><strong>carminibus</strong></span> <span class='ocrx_word' id='word_1_242' title='bbox 1171 3731 1225 3795; x_wconf 92' lang='lat' dir='ltr'><strong>ubi</strong></span> <span class='ocrx_word' id='word_1_243' title='bbox 1252 3729 1328 3812; x_wconf 94' lang='lat' dir='ltr'><strong>quid</strong></span> <span class='ocrx_word' id='word_1_244' title='bbox 1351 3750 1430 3794; x_wconf 90' lang='lat' dir='ltr'><strong>sano</strong></span> 
     </span>
     <span class='ocr_line' id='line_1_32' title="bbox 317 3836 1429 3922; baseline -0.001 -23"><span class='ocrx_word' id='word_1_245' title='bbox 317 3836 435 3902; x_wconf 92' lang='lat' dir='ltr'><strong>iudicio</strong></span> <span class='ocrx_word' id='word_1_246' title='bbox 452 3836 632 3922; x_wconf 88' lang='lat' dir='ltr'><strong>displiceat,</strong></span> <span class='ocrx_word' id='word_1_247' title='bbox 647 3859 710 3902; x_wconf 90' lang='lat' dir='ltr'><strong>nou</strong></span> <span class='ocrx_word' id='word_1_248' title='bbox 725 3836 821 3904; x_wconf 89' lang='lat' dir='ltr'><strong>video</strong></span> <span class='ocrx_word' id='word_1_249' title='bbox 837 3857 967 3902; x_wconf 90' lang='lat' dir='ltr'><strong>causam</strong></span> <span class='ocrx_word' id='word_1_250' title='bbox 985 3858 1040 3902; x_wconf 91' lang='lat' dir='ltr'><strong>cur</strong></span> <span class='ocrx_word' id='word_1_251' title='bbox 1056 3836 1270 3921; x_wconf 89' lang='lat' dir='ltr'><strong>superstitiosi</strong></span> <span class='ocrx_word' id='word_1_252' title='bbox 1287 3836 1429 3901; x_wconf 89' lang='lat' dir='ltr'><strong>codicum</strong></span> 
     </span>
     <span class='ocr_line' id='line_1_33' title="bbox 318 3943 1086 4027; baseline 0 -21"><span class='ocrx_word' id='word_1_253' title='bbox 318 3943 538 4008; x_wconf 88' lang='lat' dir='ltr'><strong>auctoritatem</strong></span> <span class='ocrx_word' id='word_1_254' title='bbox 557 3944 662 4027; x_wconf 81' lang='lat' dir='ltr'><strong>magis</strong></span> <span class='ocrx_word' id='word_1_255' title='bbox 679 3963 775 4026; x_wconf 91' lang='lat' dir='ltr'><strong>quam</strong></span> <span class='ocrx_word' id='word_1_256' title='bbox 791 3943 871 4007; x_wconf 87' lang='lat' dir='ltr'><strong>alibi</strong></span> <span class='ocrx_word' id='word_1_257' title='bbox 888 3963 1086 4008; x_wconf 88' lang='lat' dir='ltr'><strong>veneremur.</strong></span> 
     </span>
    </p>
   </div>
   <div class='ocr_carea' id='block_1_3' title="bbox 0 0 1634 5168">
    <p class='ocr_par' dir='ltr' id='par_1_3' title="bbox 0 0 1634 5168">
     <span class='ocr_line' id='line_1_34' title="bbox 0 0 1634 5168; baseline 0 1"><span class='ocrx_word' id='word_1_258' title='bbox 0 0 1634 5168; x_wconf 95' lang='lat' dir='ltr'><strong> </strong></span> 
     </span>
    </p>
   </div>
  </div>
 </body>
</html>
