3226 5162
859 469 900 531 78

326 643 505 727 Lipsiensis
522 641 622 726 prael.
632 664 685 727 pp.
694 641 787 706 XXV
798 649 856 724 sq.)
867 642 1019 726 seriptum
1029 661 1101 707 esse
1117 661 1286 707 censemus
1301 641 1445 705 maxime

326 757 457 834 propter
486 770 535 814 vv.
563 755 580 813 7
604 771 682 832 sqq,
713 757 882 832 postquam
908 748 1094 833 Propertius
1119 747 1290 833 Cynthiam
1314 749 1444 813 omnino

325 999 359 1036 ex
373 981 416 1035 his
429 981 515 1049 igitur
528 981 552 1034 si
565 981 751 1035 coniecturam
764 979 856 1034 facere
869 979 934 1033 licet
948 980 982 1033 dc
995 979 1070 1033 illius
1084 979 1161 1048 quod
1174 979 1285 1048 optavit
1296 980 1446 1034 Maecenas

326 1071 454 1125 carminis
467 1070 540 1138 epici
559 1076 731 1137 argumento.
769 1085 831 1122 nam
851 1069 875 1122 91
894 1068 1020 1134 Augusti
1037 1069 1135 1122 laudes
1154 1069 1311 1137 postulavit
1328 1068 1445 1133 amicus,

326 1177 374 1213 cur
391 1166 502 1214 veteres
521 1159 590 1212 istas
608 1157 719 1213 fabulas
738 1158 835 1225 potius
854 1173 936 1225 quarn
955 1157 1004 1210 has
1023 1157 1100 1225 ipsas
1120 1156 1178 1210 suis
1197 1157 1305 1211 viribus
1323 1156 1446 1210 maiores

326 1263 388 1302 esse
401 1252 487 1316 poeta
500 1247 645 1300 confessus
659 1252 709 1314 est,
729 1246 893 1314 praesertim
910 1263 971 1298 cum
985 1246 1055 1299 hanc
1069 1261 1181 1300 causam
1195 1245 1364 1314 argumentis
1377 1261 1445 1314 pro-

327 1336 512 1391 babilioribus
526 1340 554 1389 et
567 1335 595 1387 in
609 1333 734 1402 Augusti
747 1334 880 1388 honorem
894 1335 1058 1402 compositis
1071 1350 1206 1388 exornare
1220 1334 1338 1403 posset?
1365 1333 1446 1403 atqui

327 1425 351 1478 si
364 1425 494 1493 antiquas
507 1424 617 1479 fabulas
630 1429 732 1491 poetae
752 1424 994 1477 commendaverat
1007 1425 1158 1490 Maecenas,
1180 1439 1213 1477 ne
1232 1437 1317 1491 posse
1330 1423 1446 1492 quidem

327 1531 390 1569 eum
410 1515 439 1568 id
457 1528 539 1581 agere
554 1529 635 1566 carm.
649 1513 698 1579 lV,
718 1515 733 1564 9
747 1512 925 1581 perspicuum
939 1517 990 1576 est,
1009 1517 1040 1566 ut
1052 1517 1170 1580 propter
1182 1512 1320 1566 abiectum
1334 1512 1369 1565 de
1382 1510 1446 1565 Au·

327 1607 411 1670 gusto
425 1619 498 1671 opus
511 1602 621 1656 veniam
634 1601 771 1669 impetret.
798 1616 883 1669 quare
897 1617 958 1654 cum
971 1601 1043 1656 inter
1055 1617 1136 1656 carm.
1145 1602 1195 1668 ΙΙΙ,
1211 1606 1242 1654 19
1257 1605 1287 1656 91
1298 1615 1380 1654 earm.
1395 1601 1446 1668 lv,

327 1696 342 1743 9
357 1708 389 1745 ea
403 1708 461 1744 non
473 1691 627 1744 intercedat
641 1690 712 1742 ratio
726 1705 808 1757 quarn
821 1689 913 1742 voluit
925 1688 1135 1756 Heirnreichius,
1151 1689 1228 1743 nulla
1242 1693 1285 1744 991
1297 1704 1382 1744 99999
1396 1705 1447 1742 991

328 1796 407 1834 carm.
421 1780 471 1846 IV,
485 1784 500 1832 9
515 1784 604 1832 toturn
617 1777 647 1830 in
659 1777 760 1832 librum
774 1777 886 1830 tertium
899 1782 1122 1844 transponamus.
1154 1793 1258 1846 ergone
1272 1778 1383 1832 omnino
1397 1794 1446 1832 ve·

327 1869 400 1922 niam
415 1884 470 1920 non
484 1867 556 1935 petit
569 1866 743 1934 Propertius,
763 1867 813 1920 sed
831 1867 914 1920 nullis
926 1867 1046 1935 prolatis
1066 1866 1157 1921 causis
1177 1869 1288 1922 tertium
1302 1869 1336 1922 de
1350 1883 1446 1922 amore

328 1974 379 2011 suo
393 1956 494 2011 librum
507 1955 653 2009 condidit?
685 1961 714 2008 at
734 1955 860 2023 profecto
874 1956 914 2009 ita
927 1956 1074 2023 neglegere
1088 1955 1250 2024 Augustum
1269 1956 1345 2010 nullo
1359 1957 1446 2010 modo

327 2045 429 2115 potuit.
468 2045 570 2113 quade
590 2059 672 2097 causa
692 2059 773 2096 carru.
794 2045 843 2111 ΙΙΙ,
866 2049 896 2097 19
917 2060 1006 2112 neque
1025 2045 1125 2098 librum
1145 2047 1296 2100 secundum
1315 2045 1447 2099 claudere

327 2149 417 2202 neque
437 2132 549 2202 tertium
568 2133 691 2201 incipere
711 2137 814 2201 potest.
853 2149 915 2186 nam
934 2133 963 2186 in
982 2134 1064 2188 tertio
1085 2135 1156 2188 libro
1175 2150 1231 2188 non
1246 2135 1337 2188 solum
1349 2134 1447 2188 multis

329 2221 426 2290 elegiis
440 2220 588 2291 cynthiam
606 2221 735 2289 celebrat,
756 2223 806 2276 sed
825 2221 909 2276 etiam
928 2238 1008 2275 carm.
1022 2223 1072 2290 ΙΙΙ,
1092 2226 1125 2275 34
1146 2222 1233 2276 191199
1253 2223 1316 2276 libri
1330 2222 1447 2292 epilogo

329 2309 489 2365 amatoriam
502 2309 602 2378 poesin
616 2311 695 2364 unice
709 2312 883 2364 commendat
895 2317 988 2379 poeta,
1002 2327 1084 2380 quam
1098 2311 1126 2364 in
1139 2312 1278 2378 carm.III‚
1296 2316 1333 2378 19,
1351 2311 1375 2365 91
1388 2312 1447 2380 pri-

327 2417 401 2453 mum
413 2399 496 2453 huius
509 2398 573 2453 libri
587 2400 678 2452 locum
697 2400 814 2465 obtinet,
833 2404 965 2468 tanquam
984 2401 1128 2468 prooemio
1148 2401 1315 2454 omissurum
1333 2415 1363 2454 se
1383 2415 1447 2454 esse

328 2489 444 2542 dixerat.
482 2503 498 2540 a
518 2487 632 2541 secundi
652 2493 744 2542 autem
763 2483 817 2541 fine
838 2488 883 2541 vel
903 2503 936 2542 ea
949 2488 983 2542 de
997 2504 1081 2542 99999
1094 2489 1250 2543 excluditur
1263 2487 1332 2542 haec
1344 2488 1446 2556 elegia,

329 2577 405 2645 quod
424 2591 493 2644 quas
513 2591 585 2628 nunc
604 2591 633 2629 se
653 2581 826 2630 cantaturum
845 2576 994 2645 pollicetur
1013 2577 1110 2631 laudes
1129 2577 1263 2645 Augusti,
1284 2576 1396 2631 easdem
1417 2576 1446 2628 in

328 2666 408 2719 initio
423 2680 474 2718 999
487 2664 600 2732 ingenio
613 2665 732 2719 maiores
745 2680 806 2719 9999
819 2664 924 2719 fatetur
938 2666 1019 2720 carm.
1032 2666 1068 2734 ΙΙ,
1085 2671 1096 2717 1
1112 2681 1158 2719 vv.
1172 2671 1203 2718 11
1219 2681 1275 2734 sq.:

558 2788 608 2826 nec
620 2787 680 2825 mea
692 2772 852 2825 9999991991
864 2771 934 2826 duro
942 2771 1112 2842 prumordio
1123 2788 1204 2826 versu

508 2844 512 2852 ⁸
583 2858 709 2915 Caesaris
720 2861 748 2914 in
757 2859 897 2932 Pbryqios
910 2860 1028 2916 condere
1040 2877 1136 2916 nomen
1148 2877 1221 2916 auos.
1233 2889 1268 2898 —-

330 2967 432 3036 quibus
446 2967 575 3020 versibus
595 2981 624 3020 se
639 2965 766 3021 Caesaris
779 2982 880 3020 nomen
893 2967 1024 3021 laudibus
1043 2966 1162 3021 cantatis
1182 2982 1297 3020 avorum
1309 2964 1447 3019 Troiano·

330 3071 390 3108 rum
403 3055 451 3123 qui
465 3054 547 3108 factis
561 3055 697 3122 praeclari
711 3055 768 3108 sint
779 3056 878 3110 turbae
898 3057 927 3108 in
940 3061 1081 3110 aeternam
1093 3055 1252 3108 memoriam
1265 3053 1448 3121 interponere

329 3159 414 3212 posse
428 3149 520 3211 negat.
553 3159 624 3211 quae
638 3160 699 3196 cum
712 3143 752 3197 119
765 3143 829 3211 9191,
849 3144 888 3197 nil
901 3144 1037 3212 reliquom
1049 3149 1100 3211 991,
1120 3143 1174 3198 nisi
1193 3149 1225 3197 91
1243 3159 1324 3196 earm.
1344 3144 1394 3210 ΙΙΙ,
1416 3148 1447 3194 19

329 3233 358 3285 19
376 3233 477 3286 librum
495 3237 624 3300 quartum
637 3231 829 3286 transferatur.
866 3249 928 3286 narn
942 3232 1069 3286 boccum
1082 3248 1163 3285 carm.
1176 3232 1226 3299 IV,
1240 3236 1255 3285 9
1269 3249 1314 3285 vv.
1329 3237 1360 3285 11
1371 3262 1404 3270 -
1414 3237 1447 3284 58

331 3321 600 3375 conectendumesse
614 3325 727 3375 9991919
735 3320 919 3375 Heimreichio
934 3321 1016 3375 etiam
1029 3327 1096 3389 post
1105 3320 1343 3388 Eschenburgium
1357 3321 1385 3374 in
1398 3320 1448 3374 lib.

299 3439 301 3444 ·
329 3410 442 3462 miscell.
460 3425 488 3476 p.
502 3411 535 3461 95
549 3409 612 3462 adn.
625 3415 717 3463 teneo.
755 3409 877 3478 quicum
894 3410 1052 3464 universam
1069 3410 1178 3462 illorum
1192 3424 1323 3463 versuum
1336 3414 1448 3463 senten-

329 3497 395 3552 tiam
416 3513 478 3551 cum
490 3511 572 3551 earm.
588 3498 638 3564 ΠΙ,
655 3503 686 3551 19
700 3497 816 3550 99991119
830 3514 956 3568 pugnare
969 3499 1151 3566 contenderit,
1172 3515 1228 3551 non
1242 3498 1311 3551 satis
1325 3498 1448 3551 animum

330 3585 451 3640 attendit
470 3587 505 3640 ad
524 3585 568 3640 ecl
578 3585 743 3654 particulam
762 3603 789 3639 v.
801 3561 865 3638 dl.⁰
882 3593 966 3655 atque
986 3587 1037 3640 hac
1053 3587 1272 3657 transpositione
1292 3601 1347 3654 qua
1365 3601 1448 3638 carm.

330 3676 380 3743 ΙΙΙ,
396 3680 428 3728 19
442 3674 470 3727 19
483 3674 584 3727 librum
598 3681 725 3742 quartum
738 3675 918 3742 transmigrat
936 3676 1057 3743 probata
1068 3675 1178 3728 facilius
1191 3675 1364 3743 intellegitur
1377 3690 1446 3743 quo-

331 3764 413 3817 modo
434 3778 516 3846 99119.
535 3762 585 3830 ΙΙΙ,
605 3767 645 3830 11,
665 3764 741 3830 quod
754 3765 790 3816 ad
810 3764 960 3818 secundum
980 3764 1080 3817 librum
1100 3764 1239 3832 pertinere
1264 3763 1336 3817 vidit
1354 3763 1447 3817 Helm-

330 3852 450 3907 reichius
469 3857 576 3922 quaest.
596 3853 722 3920 Propert.
743 3868 770 3919 p.
786 3856 827 3919 16,
848 3853 882 3907 ab
908 3852 956 3904 illo
975 3858 1133 3921 separatum
1157 3853 1194 3906 sit
1211 3853 1320 3905 intruso
1339 3867 1354 3905 e
1374 3851 1448 3906 libro

331 3947 431 4010 quarto
457 3943 608 4019 99199111,
634 3946 674 3994 19.
718 3957 800 4010 quam
826 3937 1018 3994 difficultatem
1037 3940 1237 3995 Heimreichius
1263 3956 1313 3994 999
1338 3941 1447 3994 ratione

331 4030 523 4082 commendata
539 4029 673 4084 machinis
692 4025 933 4084 artificiosioribus
953 4045 1096 4084 removere
1116 4036 1240 4084 conatur.
1276 4029 1348 4082 liber
1361 4029 1448 4096 igitur

332 4119 472 4172 secundus
491 4113 586 4170 linitur
604 4135 685 4171 carm.
700 4119 750 4184 111,
774 4123 812 4184 11,
833 4118 932 4171 1911199
952 4118 1050 4186 incipit
1069 4135 1150 4172 carm.
1169 4119 1219 4186 ΙΙΙ,
1240 4122 1281 4170 12.
1319 4117 1446 4171 nimirum

332 4206 504 4275 Propertius,
518 4212 666 4275 postquam
680 4224 740 4259 cum
754 4206 873 4276 Cynthia
886 4207 914 4259 in
927 4207 1044 4274 gratiam
1060 4207 1144 4260 rediit
1157 4209 1203 4274 (ΙΙ,
1217 4209 1262 4275 3.),
1275 4212 1342 4274 post
1354 4207 1448 4260 varias

332 4311 441 4364 pugnas
456 4296 501 4362 (ll,
516 4295 546 4362 53
563 4298 597 4362 9.)
618 4310 687 4362 paee
707 4295 806 4348 iterum
826 4294 963 4362 19919111,
984 4296 1010 4360 1)
1029 4300 1171 4364 pestremo
1191 4300 1283 4348 tamen
1300 4290 1447 4364 perfidiam

333 4385 436 4438 amicae
449 4389 554 4437 tantam
567 4399 628 4438 esse
642 4382 778 4452 perspicit
791 4385 877 4451 (Il,8;
893 4385 929 4448 9.)
943 4387 974 4436 91
986 4383 1109 4437 relictam
1122 4399 1262 4451 nunquam
1275 4384 1445 4438 carminibus
