3258 5168
856 465 897 532 32

320 661 449 708 causam
474 647 569 726 poeta
593 641 721 708 adiecta
741 663 804 706 cum
827 643 1045 708 coniunctione
1070 641 1202 708 definire
1225 642 1360 710 videtur.
1400 649 1433 708 at

319 745 592 830 qualemtandem
609 747 767 813 oausam?
803 748 836 811 in
851 768 951 814 novos
971 747 1089 832 hortos,
1111 769 1189 830 quos
1206 749 1376 815 Maecenas
1400 750 1433 813 in
1495 803 1501 810 .

319 853 471 936 Esquiliis
488 854 681 937 excoluerat,
705 855 893 920 convenisse
910 854 1021 920 scribit
1036 855 1174 921 vicinam
1189 855 1352 921 hominum
1370 860 1433 920 tur·

319 960 403 1024 bam.
449 960 587 1026 vicinam
605 960 727 1026 scilicet
750 981 791 1026 ex
813 959 1034 1026 adiacentibus
1055 961 1241 1044 regionibus
1264 961 1433 1044 intellegis.

319 1068 408 1149 atqui
425 1074 554 1152 propter
578 1067 756 1151 strepitum,
780 1066 821 1131 de
845 1088 907 1149 quo
929 1073 1042 1150 postea
1064 1068 1165 1134 verba
1186 1066 1272 1152 fiant,
1295 1067 1433 1132 vicinam

320 1173 416 1237 etiam
441 1193 482 1238 ex
505 1172 578 1237 aliis
609 1172 688 1238 vicis
712 1173 839 1238 turbam
863 1174 1041 1240 accurrisse
1065 1174 1136 1256 quis
1161 1173 1292 1238 credat?
1337 1174 1433 1238 immo

318 1278 423 1362 potius
439 1278 565 1342 turbam
574 1279 603 1343 ei
620 1279 783 1362 tabernae,
799 1279 832 1343 in
846 1300 908 1360 quo
924 1280 1078 1346 tumultus
1086 1280 1216 1363 oriatur,
1237 1279 1376 1346 vicinam
1393 1299 1433 1344 ex

319 1385 399 1468 ipsis
431 1384 520 1466 agris
548 1385 723 1467 Esquilinis
755 1405 963 1468 congressam
994 1405 1065 1452 esse
1097 1394 1346 1452 consentaneum
1377 1390 1433 1450 001.

321 1490 406 1574 quod
422 1491 450 1556 si
465 1490 675 1573 probabiliter
696 1492 875 1574 expositum
900 1499 957 1575 est,
981 1493 1173 1558 sententiam
1190 1493 1258 1558 solo
1282 1496 1347 1557 v.2
1371 1511 1434 1557 000

321 1597 400 1664 satis
417 1597 502 1661 clare
536 1616 722 1678 expressam
754 1617 826 1663 esse
851 1604 967 1680 patet..
1000 1599 1110 1681 itaque
1134 1599 1232 1685 etiam
1255 1596 1434 1663 110010110-

322 1704 480 1768 cinatione
497 1723 672 1786 movemur,
688 1709 722 1766 ut
738 1725 788 1769 vv.
810 1708 847 1768 19
864 1725 910 1786 sq.
927 1704 1042 1786 q'uibus
1058 1705 1211 1770 tabernae
1227 1705 1346 1770 mentio
1363 1723 1434 1768 000-

321 1810 442 1874 tinetur
456 1809 517 1872 hue
539 1829 736 1874 revocemus.
778 1810 824 1875 sic
840 1811 924 1874 enim
941 1813 1100 1877 sententia
1115 1832 1212 1895 quam
1236 1812 1435 1895 postulamus

321 1916 416 1998 plene
448 1915 595 1979 effertur:
632 1935 703 1979 cum
735 1916 838 1998 turpis
869 1917 938 1980 rixa
961 1918 994 1981 in
1018 1937 1136 1982 arcana
1164 1917 1299 1983 taberna
1321 1916 1435 1999 sonuit,

322 2021 428 2086 vicina
445 2021 475 2086 ei
491 2022 584 2084 turba
601 2041 641 2086 ex
656 2021 748 2086 novis
765 2022 853 2103 agris
869 2023 1015 2116 accurrit.
1061 2023 1119 2088 sed
1135 2029 1243 2089 tamen
1257 2022 1319 2088 hac
1333 2030 1434 2088 trans·
1490 2083 1494 2090 .

323 2127 482 2210 positione
498 2126 592 2211 iacta,
609 2129 635 2193 si
652 2129 701 2193 bis
717 2149 782 2192 cunr
791 2127 950 2210 particula
957 2129 1093 2212 ponitur,
1102 2129 1312 2211 posteriorem
1321 2135 1362 2208 (v.
1375 2133 1435 2209 19.)

322 2233 421 2317 priori
445 2241 486 2312 (r.
511 2238 552 2315 2.)
578 2234 777 2299 subiunctam
794 2253 866 2300 esse
895 2234 1066 2300 scutimus:
1103 2255 1202 2317 quare
1227 2233 1382 2318 languida
1405 2239 1437 2300 et

323 2360 437 2422 pamm
454 2339 625 2424 perspicua
648 2340 764 2413 evenit
781 2340 936 2404 enuntiati
957 2347 1124 2407 structura.
1170 2340 1252 2406 hanc
1275 2346 1382 2406 autem
1402 2346 1437 2404 ut

254 2471 258 2480 ·
323 2445 531 2528 expoliamus,
556 2455 627 2510 eum
644 2446 754 2511 variae
772 2445 1011 2513 emendationes
1027 2447 1204 2530 excogitari
1226 2447 1358 2532 possint,
1375 2466 1435 2530 ego

322 2552 410 2637 prius
426 2549 506 2614 illud
522 2572 586 2614 cum
601 2552 792 2617 mutaverim
816 2552 848 2616 in
863 2574 932 2616 uem
947 2553 1152 2637 particulam
1182 2574 1246 2636 qua
1268 2554 1364 2637 plane
1381 2552 1434 2618 de-

323 2657 428 2722 finitur
460 2656 618 2740 quomodo
646 2663 816 2741 sequentes
848 2678 959 2724 versus
991 2679 1061 2723 cum
1097 2659 1201 2743 primo
1234 2659 1436 2726 cohaereant.

324 2771 426 2830 totum
443 2765 540 2846 igitur
556 2765 683 2846 elegiae
699 2764 824 2828 initium
841 2764 917 2828 olim
933 2763 992 2830 hoo
1008 2771 1085 2848 erat,
1108 2771 1335 2850 praeterquam
1351 2764 1436 2848 quod

224 2961 226 2964 Ι
325 2870 365 2935 (10
380 2877 500 2951 fugerit
514 2871 605 2936 verbi
621 2871 804 2953 integritate
820 2869 948 2935 dubito:

485 2983 563 3042 disee
578 2983 650 3056 quid
663 2983 812 3056 Esquiliae
827 2983 885 3042 boc
899 2987 988 3041 uoctc
999 2985 1118 3056 firporit
1132 2998 1278 3057 aquosos:
1330 2987 1332 2992 ’

565 3105 635 3148 uum
650 3089 746 3147 vicina
761 3089 844 3146 uocis
859 3088 946 3147 turbe
961 3090 1092 3148 cucurrit
1107 3090 1198 3166 agria,

483 3196 575 3271 turpis
589 3195 620 3253 ta
637 3210 752 3254 arcano
767 3195 861 3254 000011
876 3210 940 3253 cum
955 3197 1026 3254 rixo
1042 3194 1167 3254 taberna
1175 3214 1185 3265 ;

563 3303 589 3360 01
602 3303 664 3360 stuc
679 3317 733 3374 me,
747 3301 853 3374 sacrae
867 3317 925 3360 nou
939 3303 1003 3361 0100
1018 3301 1084 3361 labe
1098 3316 1191 3360 meae.

413 3402 471 3468 His
488 3404 641 3484 expositis
658 3403 826 3469 veniamus
846 3401 889 3468 ad
906 3403 943 3486 V,
960 3409 978 3468 5
996 3425 1024 3468 v.
1044 3407 1084 3466 62
1101 3402 1244 3484 quicum
1260 3398 1433 3466 mendosus

315 3507 358 3572 ·in
375 3507 537 3574 codicibus
554 3509 600 3573 sic
616 3508 755 3573 feratur:

578 3637 634 3696 per
649 3626 748 3678 tenues
763 3636 831 3678 00οα
846 3625 912 3678 ruat
925 3625 1081 3679 nummata
1096 3625 1184 3697 cutes,

326 3740 347 3784 a
362 3721 524 3805 plerisque
540 3722 659 3786 eiectus
676 3728 733 3785 est.
779 3718 836 3784 sed
854 3720 1004 3802 quoniam
1020 3719 1213 3786 versiculum
1227 3719 1268 3783 ab
1284 3717 1344 3784 boc
1360 3719 1439 3803 loeo,

327 3826 416 3893 cuius
432 3833 540 3892 tamen
548 3848 605 3911 per
614 3848 649 3893 00
658 3834 723 3891 tam
732 3826 902 3910 perspicua
919 3833 967 3892 001
983 3826 1150 3909 sententia,
1166 3825 1249 3890 adeo
1266 3825 1438 3892 abhorren-

326 3939 390 3998 tem
407 3934 448 3998 ab
464 3935 691 4020 interpolatore
708 3932 929 3998 concinnatum
946 3952 1018 3998 esse
1039 3932 1094 3998 vix
1111 3931 1264 3997 credibile
1287 3938 1345 4015 est,
1369 3932 1438 3998 0100

327 4038 423 4103 dubio
448 4039 626 4106 servandus
657 4038 711 4102 ille
743 4045 800 4121 est,
831 4036 1003 4103 dummodo
1035 4038 1243 4121 probabiliter
1274 4037 1438 4104 emendari

327 4145 435 4228 possit.
480 4145 640 4210 immerito
657 4150 764 4208 tamen
781 4151 813 4208 et
828 4143 981 4210 lacobus:

525 4273 585 4331 per
599 4262 711 4314 terruere
727 4272 794 4316 0000
810 4256 880 4314 milri
894 4261 1130 4314 marcomerem
1145 4261 1238 4314 cutem

328 4364 360 4424 et
375 4357 622 4440 Hertubergius:
