3226 5162
857 415 899 478 94

503 595 615 656 adstitit
629 594 754 669 Aapustt
762 595 885 670 puppim
900 609 988 670 super
1004 599 1031 652 et
1045 610 1124 654 aona
1137 595 1260 668 stamma

580 702 655 762 aas
669 702 700 759 r'a
716 700 862 775 obliquam
878 705 922 760 ter
937 703 1056 760 sinuato
1067 701 1169 774 facem

266 897 271 907 .
323 838 364 906 de
380 838 541 925 Apolline,
557 845 591 902 at
607 837 769 920 Vergilius
786 836 865 901 Aen.
882 836 967 920 VIII,
985 840 1048 902 680
1064 857 1127 918 sq.:

449 993 532 1046 etuas
547 989 626 1046 cetra
641 987 671 1046 ia
680 986 779 1062 pappi
786 1001 793 1062 3
814 987 947 1059 petrinas
961 986 1009 1044 rui
1024 981 1155 1059 tempora
1169 986 1306 1058 stammas

445 1096 525 1153 laeto
541 1097 657 1152 oomartt
665 1093 855 1168 patriumque
870 1093 1003 1167 aperitur
1017 1093 1125 1150 vertice
1139 1091 1219 1150 sidus

323 1231 365 1296 de
381 1230 527 1312 Augusto
538 1229 604 1308 (etr.
614 1251 643 1294 v.
655 1233 731 1307 678)
748 1229 903 1312 loquitur;
925 1227 1041 1294 deinde
1057 1227 1113 1292 ille
1128 1227 1274 1293 flammas
1291 1247 1350 1312 per
1365 1248 1442 1312 por-

323 1343 445 1402 tentum
454 1336 542 1402 visas
550 1335 584 1398 iu
592 1334 752 1420 Apollinis
762 1334 874 1419 eapite,
890 1334 942 1400 hio
951 1333 1085 1400 cassidis
1094 1334 1221 1416 insigne
1232 1334 1442 1419 utAgnippae

323 1465 375 1510 vv.
393 1446 456 1508 682
474 1462 558 1526 sqq.:

449 1594 541 1665 parte
556 1590 618 1647 otia
634 1589 725 1649 aratis
740 1593 768 1646 et
783 1589 827 1647 dis
842 1589 978 1662 Aprrppu
994 1589 1129 1647 secuodtr

457 1697 569 1756 arduos
585 1711 690 1769 aymaro
706 1711 815 1768 operor:
832 1697 879 1753 att
894 1694 980 1763 (betti
994 1695 1106 1768 torpor
1120 1693 1287 1768 superbam)

456 1808 588 1878 tempora
603 1802 705 1860 aurati
716 1802 833 1875 salpeat
846 1805 978 1860 rostrato
994 1815 1114 1877 corona,

324 1940 369 2004 ita
386 1939 484 2005 etiam
499 1938 638 2021 Augusti
655 1945 892 2003 commemorat.
922 1937 1062 2019 denique
1078 1943 1110 2002 et
1125 1938 1311 2024 Propertius
1328 1960 1380 2004 vv.
1398 1945 1441 2004 49

324 2066 392 2128 sqq.
410 2051 442 2110 et
457 2045 621 2127 Vergilius
637 2043 717 2108 Aen,
733 2041 774 2127 X,
794 2048 853 2108 195
872 2041 1048 2110 Centauros
1065 2064 1143 2109 saxa
1158 2044 1325 2128 minantes,
1343 2045 1441 2126 quale

325 2159 376 2218 sat
392 2152 509 2217 multas
525 2171 625 2218 naves
640 2150 768 2234 insigne
784 2149 936 2216 habuisse
950 2148 1083 2215 eredere
1099 2150 1183 2234 lieet,
1200 2171 1217 2215 e
1233 2171 1340 2215 rernm
1356 2153 1441 2217 veri-

324 2265 391 2323 tate
408 2258 584 2342 sumpsisse
600 2256 759 2323 videntur.
806 2255 863 2322 sed
887 2257 913 2322 si
931 2255 1060 2338 quidem
1076 2276 1191 2322 revera
1207 2263 1315 2322 noster
1331 2265 1443 2323 auotor

287 2393 293 2405 ·
324 2365 469 2430 imitatus
486 2370 534 2430 est
550 2363 738 2448 Vergilium,
762 2383 817 2427 our
832 2362 1017 2446 perturbato
1040 2361 1074 2426 id
1097 2363 1204 2427 animo
1229 2382 1301 2427 eum
1325 2363 1442 2430 feeisse

326 2468 654 2553 dioitHeimreiehius,
670 2489 742 2532 oum
754 2474 929 2533 Centaurica
941 2489 1091 2532 saxanon
1105 2469 1267 2553 immania,
1283 2468 1341 2534 sed
1358 2489 1442 2552 quae

326 2575 478 2641 Centauri
493 2575 620 2659 insigne
635 2573 935 2659 iaeularivideatur‚
952 2572 1014 2638 diei
1030 2573 1236 2639 manifestum
1253 2575 1295 2640 sit
1308 2582 1443 2660 propter

325 2682 359 2746 id
393 2682 478 2766 quod
508 2681 653 2765 sequitur
678 2688 775 2762 pictos
806 2688 918 2744 metus?
962 2686 1124 2766 postremo
1149 2699 1189 2746 ne
1217 2702 1269 2746 vv.
1299 2685 1334 2746 81
1372 2702 1443 2764 sqq.

326 2789 473 2872 quidem:

485 2939 545 2996 siue
561 2937 675 3011 aliquid
682 2936 836 3012 pharetris
850 2936 998 3010 inpastus
1007 2941 1120 3008 parcet
1134 2936 1202 3006 eois,

514 3050 517 3056 '
585 3045 707 3116 differat
721 3045 752 3102 ia
761 3057 875 3116 pueros
888 3042 945 3098 ista
961 3045 1085 3115 tropaea
1101 3057 1177 3102 suos,

484 3151 594 3224 quade,
613 3148 728 3225 Crasse,
742 3149 847 3222 atpros
860 3148 886 3204 sr'
901 3147 974 3220 qaid
986 3148 1068 3220 sapis
1083 3148 1159 3206 tuter
1175 3163 1302 3206 arenas:

583 3257 628 3315 ire
641 3273 698 3331 per
713 3255 887 3329 Euphraten
904 3253 947 3312 ad
961 3257 1011 3310 tau
1028 3251 1111 3310 basta
1128 3253 1193 3311 ticet

329 3411 500 3475 expressos
519 3411 590 3456 esse
608 3390 738 3455 oonoedi
755 3395 863 3475 potest
878 3410 918 3454 ex
935 3387 1027 3454 ovid.
1044 3395 1102 3452 art.
1119 3393 1214 3452 amat.
1232 3389 1255 3471 1,
1276 3392 1334 3452 177
1353 3407 1439 3470 sqq.:

488 3553 563 3615 ecce,
573 3543 669 3611 parat
687 3537 798 3596 Caesar
815 3536 919 3594 domito
936 3536 1017 3609 qaod
1030 3533 1125 3607 defait
1140 3534 1212 3613 orbi,

541 3644 660 3701 attere.
690 3658 776 3714 tuac,
793 3643 890 3700 ortem
905 3642 1010 3719 ultime,
1025 3648 1125 3700 noster
1141 3643 1206 3700 eris.

488 3749 606 3818 Partha,
623 3746 707 3806 totis
716 3763 842 3821 potans.
875 3748 974 3806 Crassi
988 3749 1116 3821 paadete
1131 3749 1235 3822 sepattt

539 3857 681 3930 ripaeque
697 3852 872 3912 barbaricos
886 3871 945 3912 noa
961 3852 1032 3912 bear
1040 3870 1138 3929 passa
1154 3870 1267 3912 matus.

487 3965 565 4022 attor·
580 3961 664 4020 adest
675 3962 834 4037 primisque
849 3961 950 4018 dacem
960 3962 1123 4034 profitetur
1136 3960 1167 4018 t'rt
1183 3961 1276 4029 anais,

543 4067 676 4142 bellaque
690 4083 749 4125 aon
760 4082 856 4141 puero
873 4070 983 4125 tractat
998 4067 1117 4140 spendo
1128 4082 1214 4142 puer.

330 4226 405 4272 nam
414 4204 585 4271 verborum
594 4223 657 4269 non
673 4204 776 4269 maior
792 4207 841 4268 est
856 4202 1029 4268 similitudo
1046 4223 1142 4285 quam
1158 4221 1242 4284 quae
1257 4201 1442 4266 necessario

332 4312 448 4395 evenit,
465 4311 491 4376 si
501 4308 564 4375 duo
573 4317 719 4376 auctores
736 4309 776 4374 de
786 4308 894 4375 Crassi
911 4308 1111 4376 clodoverbe
1127 4308 1261 4392 faciunt;
1282 4306 1444 4373 sententia
