3226 5162
729 409 767 470 71

190 587 299 666 partes
315 601 409 648 nemo
425 602 488 648 non
511 587 672 665 agnoscet
719 581 844 646 initium
870 583 955 647 enim
980 582 1130 648 carminis
1153 590 1303 664 quattuor

190 688 336 754 versibus
352 688 576 754 adversarium
600 687 640 753 de
656 688 827 774 horoscopi
851 695 920 756 crte
944 689 1143 756 dubitantem
1164 690 1304 756 ostendit

191 787 253 873 (11.
264 800 430 874 71—75.):
453 815 547 878 quem
555 794 688 860 totidem
698 796 844 861 versibus
861 795 1032 860 itarelellit
1046 795 1111 878 ille,
1128 802 1162 860 ut
1177 797 1303 862 aversis

190 901 288 966 musis
304 921 483 983 aversoque
499 901 641 986 Apollini
658 908 799 986 opponat
815 902 953 967 maiores
970 923 1054 985 suos,
1075 902 1190 983 quibus
1208 903 1303 968 certis

189 1008 371 1101 auctoribus
388 1016 475 1072 certa
490 1008 620 1073 oracula
636 1008 768 1074 daturus
784 1009 833 1074 sit.
879 1008 952 1073 huic
968 1010 1132 1093 prooemio
1149 1016 1215 1074 tum
1229 1010 1302 1076 sub-

188 1114 325 1180 iciuntur
355 1115 439 1180 duae
470 1115 664 1200 principales
695 1115 820 1197 elegiae
846 1122 964 1200 partes
1009 1135 1084 1179 nam
1107 1115 1303 1201 horoscopus

189 1243 290 1304 usque
313 1222 354 1287 ad
377 1244 407 1288 1.
436 1228 495 1287 119
520 1222 735 1288 dubitationes
760 1221 800 1288 de
824 1221 887 1288 fide
916 1242 975 1287 sua
1003 1227 1035 1286 et
1062 1229 1132 1288 arte
1159 1223 1303 1307 prolatas

189 1329 392 1414 perlustratis
410 1329 456 1395 eis
473 1329 632 1396 vaticiniis
650 1349 732 1412 quae
748 1349 827 1396 vera
851 1328 987 1394 dederat
1009 1328 1141 1412 relutat3
1167 1329 1242 1394 inde
1259 1329 1299 1394 ab

188 1435 247 1500 hcc
263 1455 358 1502 versu
374 1437 555 1520 praemissa
563 1456 622 1521 per
630 1436 793 1501 oraculum
809 1436 850 1501 de
860 1435 1018 1520 Propertii
1035 1436 1104 1500 vita
1118 1436 1302 1501 narratione

187 1543 292 1627 ipsum
317 1541 476 1626 Cynthiae
499 1563 641 1608 amorem
665 1544 865 1608 vaticinatur.
912 1549 1008 1625 atque
1032 1542 1135 1607 altera
1155 1563 1240 1626 pars,
1261 1542 1301 1605 ab

187 1647 248 1713 hac
270 1655 305 1713 ut
327 1648 449 1714 initium
474 1650 650 1734 capiamus,
681 1649 758 1732 quia
780 1650 885 1714 minus
909 1649 1057 1714 mutilata
1081 1648 1215 1731 videtur,
1238 1667 1302 1716 uno

189 1755 323 1821 disticho
339 1745 554 1841 praeparatur
570 1779 621 1821 vv.
642 1761 701 1822 119
720 1777 766 1839 sq.
798 1762 840 1838 at,
857 1756 963 1822 missis
979 1756 1106 1821 interim
1123 1775 1203 1838 quos
1219 1755 1302 1818 inter

188 1883 217 1927 1.
239 1866 297 1925 120
315 1868 390 1928 etv.
413 1867 468 1926 121
488 1862 681 1928 inseruimus
698 1863 854 1945 versibus,
877 1869 946 1948 tum
968 1863 1080 1928 decem
1097 1862 1244 1928 versibus
1261 1861 1302 1926 de

188 1973 259 2032 ortu
274 1968 441 2052 primaque
458 1968 621 2034 iuventute
638 1969 799 2053 Propertii
815 1968 945 2035 disserit
960 1969 1156 2055 horoscopus
1172 1990 1223 2034 vv.
1242 1972 1297 2032 121

188 2077 321 2156 -1303
350 2073 467 2140 deinde
489 2075 624 2141 totidem
648 2075 796 2141 versibus
812 2076 983 2160 imperium
1000 2076 1041 2140 ab
1058 2075 1207 2160 Apolline
1224 2073 1302 2138 adu-

186 2180 320 2246 lescenti
336 2179 446 2245 datum
460 2179 558 2248 refert
567 2203 618 2247 11.
631 2185 691 2246 130
706 2187 829 2263 -139;
857 2186 1014 2264 141‚142;
1038 2181 1176 2263 denique
1185 2180 1301 2246 iterum

188 2285 299 2352 decem
316 2287 463 2352 versibus
480 2287 640 2372 superbae
658 2286 976 2372 Cynthiaeamorem
992 2287 1150 2372 praedicit
1166 2308 1217 2353 vv.
1231 2291 1301 2370 130,

191 2397 269 2476 14ος
297 2399 354 2459 143
373 2400 490 2459 -150,
535 2393 597 2459 hae
620 2401 728 2459 autem
752 2393 905 2459 denorum
923 2415 1073 2460 versuum
1090 2394 1242 2479 strophae
1258 2393 1301 2458 ad

187 2499 320 2566 chiasmi
336 2501 465 2566 modum
481 2501 527 2564 111
543 2499 761 2566 conformatae
778 2507 859 2584 sunt,
876 2507 909 2565 ut
926 2502 958 2565 in
971 2502 1077 2586 prima
1086 2520 1144 2568 sex
1153 2500 1301 2566 versibus

187 2613 336 2690 quattuor
351 2608 556 2692 subiciantur,
571 2609 604 2671 in
620 2608 723 2673 altera
738 2607 871 2674 totidem
881 2608 1027 2674 versibus
1043 2615 1192 2690 quattuor
1208 2627 1300 2692 prae-

187 2714 311 2798 cedant,
339 2714 372 2778 in
403 2715 498 2780 tertia
520 2736 630 2781 rursus
654 2734 712 2780 sex
741 2734 854 2780 versus
878 2721 1028 2798 quattuor
1056 2716 1300 2798 subsequantur.

187 2822 303 2906 prioris
319 2828 427 2886 autem
444 2820 546 2906 partis
562 2821 649 2904 item,
665 2827 700 2886 ut
716 2821 847 2886 alterius
872 2820 912 2886 de
930 2841 994 2903 qua
1018 2821 1112 2887 modo
1135 2822 1232 2886 locuti
1250 2842 1300 2886 su·

186 2949 266 3012 mus,
282 2936 506 3012 argumentum
522 2949 584 2993 uno
600 2928 734 2994 disticho
751 2928 974 3013 pronuntiatur
990 2951 1041 2994 11.
1060 2934 1099 2994 70
1117 2949 1164 3012 sq.
1203 2936 1300 3010 atque

187 3035 227 3102 de
243 3036 358 3101 Arriae
382 3034 454 3101 filiis
472 3035 634 3100 oraculum
659 3035 756 3100 ctiam
774 3034 886 3102 decem
902 3035 1050 3101 versibus
1067 3042 1234 3100 enarratur·
1250 3057 1302 3100 vv.

188 3147 228 3207 89
240 3146 340 3208 -98.
380 3141 430 3210 his
446 3143 648 3227 pertractatis
664 3148 788 3208 restant
804 3162 822 3208 e
838 3143 944 3226 priore
960 3151 1054 3227 parte
1070 3164 1122 3208 vv.
1139 3147 1301 3226 90-102,

186 3255 398 3334 epostericre
422 3252 725 3316 vv.103—108et
750 3254 787 3314 81
801 3254 908 3331 -86;
937 3250 978 3314 de
1002 3249 1127 3332 quibus,
1151 3249 1300 3337 quoniam

186 3357 283 3422 vicini
299 3377 409 3422 eorum
425 3377 539 3422 versus
556 3355 750 3438 exciderunt,
777 3355 856 3421 certi
872 3355 951 3420 nihil
969 3355 1032 3420 dici
1048 3362 1161 3440 potest.
1193 3361 1301 3420 tamen

186 3484 257 3528 cum
274 3484 325 3529 vv.
344 3467 405 3528 103
415 3501 458 3510 ·—
470 3466 531 3528 108
546 3463 716 3547 senarium,
732 3484 784 3529 vv.
801 3468 842 3529 00
855 3501 895 3510 -
906 3467 966 3527 102
989 3463 1228 3546 quaternarium
1244 3483 1300 3526 nu-

186 3592 319 3655 merum,
336 3591 430 3654 quem
447 3571 480 3634 in
489 3569 643 3635 denorum
653 3590 804 3636 versuum
821 3570 959 3654 strophis
975 3569 1301 3651 illisobservavimus‚

185 3677 271 3742 baud
289 3677 385 3744 dubie
402 3677 583 3761 exhibeant,
607 3677 665 3744 hos
688 3698 801 3743 versus
825 3676 901 3741 olim
923 3677 1074 3742 similium
1098 3676 1301 3761 stropharum

184 3785 333 3872 membra
356 3783 455 3850 fuisse
480 3805 551 3848 cum
575 3784 684 3867 aliqua
700 3783 939 3868 probabilitatis
961 3784 1069 3867 specie
1094 3782 1194 3847 conici
1219 3783 1300 3847 licet

187 3892 302 3974 quibus
318 3892 359 3956 de
375 3891 480 3958 causis
496 3890 589 3956 huius
606 3890 732 3972 elegiae
749 3889 831 3954 hanc
847 3889 1015 3975 formulam
1032 3879 1258 3974 proponimus:

390 4013 1089 4127 &AAQAMX-lfflxld.

798 4103 1080 4126 Νι-ι--θ

628 4140 946 4162 *ν’

275 4210 381 4276 Minus
409 4210 537 4275 turbata
565 4216 613 4274 cst
637 4231 752 4274 carm.
777 4210 814 4293 V,
843 4213 860 4273 3
887 4208 1063 4294 dispositio.
1117 4227 1299 4291 quanquam

187 4317 285 4382 etiam
300 4317 335 4382 in
349 4315 409 4382 hoc
423 4337 475 4382 11.
486 4321 575 4382 43-
586 4322 627 4380 50
643 4323 716 4401 post
730 4338 759 4381 v.
769 4319 810 4380 28
827 4316 955 4382 insertis
971 4316 1104 4380 lacunas
1120 4313 1300 4379 notavimus
